<?xml version="1.0" encoding="UTF-8"?>
<!DOCTYPE html PUBLIC "-//W3C//DTD XHTML 1.0 Transitional//EN"
    "http://www.w3.org/TR/xhtml1/DTD/xhtml1-transitional.dtd">
<html xmlns="http://www.w3.org/1999/xhtml" xml:lang="en" lang="en">
 <head>
  <title>
</title>
<meta http-equiv="Content-Type" content="text/html;charset=utf-8" />
  <meta name='ocr-system' content='tesseract 3.04.00' />
  <meta name='ocr-capabilities' content='ocr_page ocr_carea ocr_par ocr_line ocrx_word'/>
</head>
<body>
  <div class='ocr_page' id='page_1' title='image "4771000_0013.png"; bbox 0 0 2734 3313; ppageno 0'>
   <div class='ocr_carea' id='block_1_1' title="bbox 1055 132 1256 147">
    <p class='ocr_par' dir='ltr' id='par_1_1' title="bbox 1055 132 1256 147">
     <span class='ocr_line' id='line_1_1' title="bbox 1055 132 1256 147; baseline 0 0"><span class='ocrx_word' id='word_1_1' title='bbox 1055 132 1256 147; x_wconf 95' lang='lat' dir='ltr'><strong> </strong></span> 
     </span>
    </p>
   </div>
   <div class='ocr_carea' id='block_1_2' title="bbox 1448 134 1650 147">
    <p class='ocr_par' dir='ltr' id='par_1_2' title="bbox 1448 134 1650 147">
     <span class='ocr_line' id='line_1_2' title="bbox 1448 134 1650 147; baseline 0 0"><span class='ocrx_word' id='word_1_2' title='bbox 1448 134 1650 147; x_wconf 95' lang='lat' dir='ltr'><strong> </strong></span> 
     </span>
    </p>
   </div>
   <div class='ocr_carea' id='block_1_3' title="bbox 147 188 2508 285">
    <p class='ocr_par' dir='ltr' id='par_1_3' title="bbox 147 188 2508 285">
     <span class='ocr_line' id='line_1_3' title="bbox 147 188 2508 285; baseline -0.003 -20"><span class='ocrx_word' id='word_1_3' title='bbox 147 273 153 279; x_wconf 29' lang='lat' dir='ltr'>f</span> <span class='ocrx_word' id='word_1_4' title='bbox 211 188 553 285; x_wconf 56' lang='lat' dir='ltr'><strong>W,</strong></span> <span class='ocrx_word' id='word_1_5' title='bbox 557 219 854 275; x_wconf 55' lang='lat' dir='ltr'><strong>matiam</strong></span> <span class='ocrx_word' id='word_1_6' title='bbox 857 218 908 264; x_wconf 64' lang='lat' dir='ltr'>h</span> <span class='ocrx_word' id='word_1_7' title='bbox 934 216 1037 263; x_wconf 68' lang='grc' dir='ltr'><strong>διο</strong></span> <span class='ocrx_word' id='word_1_8' title='bbox 1019 230 1107 263; x_wconf 69' lang='lat' dir='ltr'><strong>nt</strong></span> <span class='ocrx_word' id='word_1_9' title='bbox 1113 223 1277 264; x_wconf 68' lang='lat' dir='ltr'><strong>samma</strong></span> <span class='ocrx_word' id='word_1_10' title='bbox 1301 219 1552 270; x_wconf 76' lang='lat' dir='ltr'><strong>auctoritas,</strong></span> <span class='ocrx_word' id='word_1_11' title='bbox 1577 214 1711 259; x_wconf 76' lang='lat' dir='ltr'><strong>verba</strong></span> <span class='ocrx_word' id='word_1_12' title='bbox 1737 214 1932 259; x_wconf 79' lang='lat' dir='ltr'><strong>attulisse</strong></span> <span class='ocrx_word' id='word_1_13' title='bbox 1959 211 2171 266; x_wconf 76' lang='lat' dir='ltr'><strong>sufficiet,</strong></span> <span class='ocrx_word' id='word_1_14' title='bbox 2199 211 2366 271; x_wconf 82' lang='lat' dir='ltr'><strong>reliqua</strong></span> <span class='ocrx_word' id='word_1_15' title='bbox 2388 227 2508 269; x_wconf 84' lang='lat' dir='ltr'><strong>vero,</strong></span> 
     </span>
    </p>
   </div>
   <div class='ocr_carea' id='block_1_4' title="bbox 102 276 2513 1565">
    <p class='ocr_par' dir='ltr' id='par_1_4' title="bbox 102 276 2282 361">
     <span class='ocr_line' id='line_1_4' title="bbox 102 276 2282 361; baseline -0.004 -22"><span class='ocrx_word' id='word_1_16' title='bbox 102 330 121 343; x_wconf 84' lang='lat'><strong>.</strong></span> <span class='ocrx_word' id='word_1_17' title='bbox 213 294 606 358; x_wconf 43' lang='lat' dir='ltr'><strong>fimus,</strong></span> <span class='ocrx_word' id='word_1_18' title='bbox 632 294 868 342; x_wconf 60' lang='lat' dir='ltr'><strong>hinnisse.</strong></span> <span class='ocrx_word' id='word_1_19' title='bbox 888 276 1017 361; x_wconf 73' lang='lat' dir='ltr'><strong>Apud</strong></span> <span class='ocrx_word' id='word_1_20' title='bbox 1031 291 1368 349; x_wconf 73' lang='lat' dir='ltr'><strong>Aristophanem</strong></span> <span class='ocrx_word' id='word_1_21' title='bbox 1390 289 1700 348; x_wconf 75' lang='lat' dir='ltr'><strong>Thesmophor.</strong></span> <span class='ocrx_word' id='word_1_22' title='bbox 1726 305 1840 335; x_wconf 82' lang='lat' dir='ltr'><strong>vers.</strong></span> <span class='ocrx_word' id='word_1_23' title='bbox 1869 293 1924 335; x_wconf 78' lang='lat'><strong>29</strong></span> <span class='ocrx_word' id='word_1_24' title='bbox 1950 298 1994 333; x_wconf 83' lang='lat' dir='ltr'><strong>et</strong></span> <span class='ocrx_word' id='word_1_25' title='bbox 2019 293 2076 333; x_wconf 76' lang='lat'><strong>30</strong></span> <span class='ocrx_word' id='word_1_26' title='bbox 2099 288 2282 347; x_wconf 79' lang='lat' dir='ltr'><strong>legitur·</strong></span> 
     </span>
    </p>

    <p class='ocr_par' dir='ltr' id='par_1_5' title="bbox 631 367 1745 422">
     <span class='ocr_line' id='line_1_5' title="bbox 631 367 1745 422; baseline -0.003 -10"><span class='ocrx_word' id='word_1_27' title='bbox 631 396 636 401; x_wconf 90' lang='lat'><strong>·</strong></span> <span class='ocrx_word' id='word_1_28' title='bbox 852 369 1058 416; x_wconf 49' lang='lat' dir='ltr'><strong>:JW</strong></span> <span class='ocrx_word' id='word_1_29' title='bbox 1085 367 1293 421; x_wconf 57' lang='lat' dir='ltr'><strong>{minu-5</strong></span> <span class='ocrx_word' id='word_1_30' title='bbox 1270 369 1440 415; x_wconf 64' lang='lat' dir='ltr'><strong>odam</strong></span> <span class='ocrx_word' id='word_1_31' title='bbox 1459 372 1587 409; x_wconf 64' lang='lat' dir='ltr'><strong>abab</strong></span> <span class='ocrx_word' id='word_1_32' title='bbox 1585 369 1745 422; x_wconf 65' lang='grc' dir='ltr'><strong>τυγχάνω</strong></span> 
     </span>
    </p>

    <p class='ocr_par' dir='ltr' id='par_1_6' title="bbox 299 442 1348 506">
     <span class='ocr_line' id='line_1_6' title="bbox 299 442 1348 506; baseline 0.001 -17"><span class='ocrx_word' id='word_1_33' title='bbox 299 485 303 492; x_wconf 83' lang='grc'><strong>,</strong></span> <span class='ocrx_word' id='word_1_34' title='bbox 641 502 646 506; x_wconf 35' lang='grc'><em>.</em></span> <span class='ocrx_word' id='word_1_35' title='bbox 803 484 809 489; x_wconf 84' lang='grc'><em>,</em></span> <span class='ocrx_word' id='word_1_36' title='bbox 838 445 893 488; x_wconf 97' lang='lat'><em>6</em></span> <span class='ocrx_word' id='word_1_37' title='bbox 913 462 939 485; x_wconf 64' lang='grc' dir='ltr'><strong><em>τ</em></strong></span> <span class='ocrx_word' id='word_1_38' title='bbox 1102 442 1207 490; x_wconf 60' lang='lat' dir='ltr'><strong>mic-‘⁸</strong></span> <span class='ocrx_word' id='word_1_39' title='bbox 1230 466 1287 478; x_wconf 89' lang='lat'>-</span> <span class='ocrx_word' id='word_1_40' title='bbox 1342 450 1348 489; x_wconf 75' lang='lat'>1</span> 
     </span>
    </p>

    <p class='ocr_par' dir='ltr' id='par_1_7' title="bbox 203 481 2513 1565">
     <span class='ocr_line' id='line_1_7' title="bbox 297 481 1727 575; baseline 0.001 -13.95"><span class='ocrx_word' id='word_1_41' title='bbox 297 557 301 562; x_wconf 27' lang='grc' dir='ltr'><em>Ι</em></span> <span class='ocrx_word' id='word_1_42' title='bbox 337 548 341 553; x_wconf 89' lang='grc'><strong>-</strong></span> <span class='ocrx_word' id='word_1_43' title='bbox 421 481 587 569; x_wconf 54' lang='lat' dir='ltr'><strong>Ibidem</strong></span> <span class='ocrx_word' id='word_1_44' title='bbox 608 533 718 565; x_wconf 62' lang='lat' dir='ltr'><strong>vm</strong></span> <span class='ocrx_word' id='word_1_45' title='bbox 739 522 838 563; x_wconf 60' lang='lat'><strong>942&gt;</strong></span> <span class='ocrx_word' id='word_1_46' title='bbox 868 519 1225 573; x_wconf 47' lang='lat' dir='ltr'><strong>„hydam-..neam</strong></span> <span class='ocrx_word' id='word_1_47' title='bbox 1245 520 1308 562; x_wconf 71' lang='grc' dir='ltr'><strong>τὸν</strong></span> <span class='ocrx_word' id='word_1_48' title='bbox 1329 521 1727 575; x_wconf 63' lang='grc' dir='ltr'>τραγῳδοδιδάσκαλον.“</span> 
     </span>
     <span class='ocr_line' id='line_1_8' title="bbox 215 591 2510 655; baseline -0.004 -11"><span class='ocrx_word' id='word_1_49' title='bbox 215 599 268 645; x_wconf 82' lang='lat' dir='ltr'><strong>In</strong></span> <span class='ocrx_word' id='word_1_50' title='bbox 293 596 889 655; x_wconf 54' lang='lat' dir='ltr'><strong>Basia«.2Ari⁸topha&#39;nisf.vers.</strong></span> <span class='ocrx_word' id='word_1_51' title='bbox 916 598 972 639; x_wconf 77' lang='lat'><strong>83</strong></span> <span class='ocrx_word' id='word_1_52' title='bbox 997 604 1067 653; x_wconf 58' lang='lat' dir='ltr'><strong>sq}</strong></span> <span class='ocrx_word' id='word_1_53' title='bbox 1088 594 1256 651; x_wconf 76' lang='lat' dir='ltr'><strong>Agatho</strong></span> <span class='ocrx_word' id='word_1_54' title='bbox 1283 597 1396 643; x_wconf 87' lang='lat' dir='ltr'><strong>inter</strong></span> <span class='ocrx_word' id='word_1_55' title='bbox 1421 599 1607 654; x_wconf 78' lang='lat' dir='ltr'><strong>tragicos</strong></span> <span class='ocrx_word' id='word_1_56' title='bbox 1640 603 1896 640; x_wconf 85' lang='lat' dir='ltr'><strong>numeratur.</strong></span> <span class='ocrx_word' id='word_1_57' title='bbox 1963 591 2076 636; x_wconf 89' lang='lat' dir='ltr'><strong>Num</strong></span> <span class='ocrx_word' id='word_1_58' title='bbox 2114 605 2264 635; x_wconf 80' lang='lat' dir='ltr'><strong>versus</strong></span> <span class='ocrx_word' id='word_1_59' title='bbox 2303 595 2410 636; x_wconf 86' lang='grc'><strong>1087</strong></span> <span class='ocrx_word' id='word_1_60' title='bbox 2449 605 2510 634; x_wconf 88' lang='lat' dir='ltr'><strong>ex</strong></span> 
     </span>
     <span class='ocr_line' id='line_1_9' title="bbox 203 658 2510 729; baseline -0.004 -8"><span class='ocrx_word' id='word_1_61' title='bbox 203 658 414 721; x_wconf 65' lang='lat' dir='ltr'><strong>Nubibus</strong></span> <span class='ocrx_word' id='word_1_62' title='bbox 438 671 795 729; x_wconf 70' lang='lat' dir='ltr'><strong>ad-Agathonem</strong></span> <span class='ocrx_word' id='word_1_63' title='bbox 828 672 1074 716; x_wconf 84' lang='lat' dir='ltr'><strong>referendus</strong></span> <span class='ocrx_word' id='word_1_64' title='bbox 1102 673 1180 724; x_wconf 87' lang='lat' dir='ltr'><strong>sit,</strong></span> <span class='ocrx_word' id='word_1_65' title='bbox 1218 674 1290 715; x_wconf 74' lang='lat' dir='ltr'><strong>utiz</strong></span> <span class='ocrx_word' id='word_1_66' title='bbox 1325 672 1553 729; x_wconf 78' lang='lat' dir='ltr'><strong>Berglerus</strong></span> <span class='ocrx_word' id='word_1_67' title='bbox 1598 682 1642 716; x_wconf 87' lang='lat' dir='ltr'><strong>et</strong></span> <span class='ocrx_word' id='word_1_68' title='bbox 1679 671 1896 716; x_wconf 80' lang='lat' dir='ltr'><strong>Brunkius</strong></span> <span class='ocrx_word' id='word_1_69' title='bbox 1930 670 2181 723; x_wconf 81' lang='lat' dir='ltr'><strong>voluerunt,</strong></span> <span class='ocrx_word' id='word_1_70' title='bbox 2221 668 2510 721; x_wconf 78' lang='lat' dir='ltr'><strong>dubitaverim,</strong></span> 
     </span>
     <span class='ocr_line' id='line_1_10' title="bbox 217 748 2511 812; baseline -0.004 -16"><span class='ocrx_word' id='word_1_71' title='bbox 217 757 346 812; x_wconf 64' lang='lat' dir='ltr'><strong>qua-1</strong></span> <span class='ocrx_word' id='word_1_72' title='bbox 371 750 488 795; x_wconf 69' lang='lat' dir='ltr'><strong>haee.</strong></span> <span class='ocrx_word' id='word_1_73' title='bbox 508 749 751 793; x_wconf 80' lang='lat' dir='ltr'><strong>comoedia</strong></span> <span class='ocrx_word' id='word_1_74' title='bbox 757 749 936 805; x_wconf 86' lang='lat' dir='ltr'><strong>primum</strong></span> <span class='ocrx_word' id='word_1_75' title='bbox 968 756 1088 801; x_wconf 80' lang='lat' dir='ltr'><strong>ante,</strong></span> <span class='ocrx_word' id='word_1_76' title='bbox 1120 763 1249 806; x_wconf 89' lang='lat' dir='ltr'><strong>quam</strong></span> <span class='ocrx_word' id='word_1_77' title='bbox 1281 748 1452 805; x_wconf 82' lang='lat' dir='ltr'><strong>Agatho</strong></span> <span class='ocrx_word' id='word_1_78' title='bbox 1488 749 1747 806; x_wconf 81' lang='lat' dir='ltr'><strong>tragoedias</strong></span> <span class='ocrx_word' id='word_1_79' title='bbox 1768 749 1923 791; x_wconf 88' lang='lat' dir='ltr'><strong>docere</strong></span> <span class='ocrx_word' id='word_1_80' title='bbox 1956 749 2185 804; x_wconf 81' lang='lat' dir='ltr'>inciperet,</span> <span class='ocrx_word' id='word_1_81' title='bbox 2225 753 2441 801; x_wconf 78' lang='lat' dir='ltr'>ageretur</span> <span class='ocrx_word' id='word_1_82' title='bbox 2468 753 2511 786; x_wconf 89' lang='lat' dir='ltr'><strong>et</strong></span> 
     </span>
     <span class='ocr_line' id='line_1_11' title="bbox 212 821 2510 889; baseline -0.002 -23"><span class='ocrx_word' id='word_1_83' title='bbox 212 835 391 884; x_wconf 61' lang='lat' dir='ltr'><strong>pannea,-</strong></span> <span class='ocrx_word' id='word_1_84' title='bbox 404 833 668 889; x_wconf 73' lang='lat' dir='ltr'><strong>quamquam</strong></span> <span class='ocrx_word' id='word_1_85' title='bbox 693 823 919 879; x_wconf 67' lang='lat' dir='ltr'><strong>aliquoties</strong></span> <span class='ocrx_word' id='word_1_86' title='bbox 935 830 1184 874; x_wconf 86' lang='lat' dir='ltr'><strong>retractata,</strong></span> <span class='ocrx_word' id='word_1_87' title='bbox 1214 831 1357 864; x_wconf 78' lang='lat' dir='ltr'><strong>tamen</strong></span> <span class='ocrx_word' id='word_1_88' title='bbox 1379 826 1531 865; x_wconf 85' lang='lat' dir='ltr'><strong>iterum</strong></span> <span class='ocrx_word' id='word_1_89' title='bbox 1556 827 1602 865; x_wconf 88' lang='lat' dir='ltr'><strong>in</strong></span> <span class='ocrx_word' id='word_1_90' title='bbox 1627 838 1797 866; x_wconf 82' lang='lat' dir='ltr'><strong>scenam</strong></span> <span class='ocrx_word' id='word_1_91' title='bbox 1813 824 2019 880; x_wconf 85' lang='lat' dir='ltr'><strong>producta</strong></span> <span class='ocrx_word' id='word_1_92' title='bbox 2033 824 2091 864; x_wconf 85' lang='lat' dir='ltr'><strong>sit</strong></span> <span class='ocrx_word' id='word_1_93' title='bbox 2108 835 2334 877; x_wconf 83' lang='lat' dir='ltr'><strong>nunquam.</strong></span> <span class='ocrx_word' id='word_1_94' title='bbox 2383 821 2510 876; x_wconf 84' lang='lat' dir='ltr'><strong>Apud</strong></span> 
     </span>
     <span class='ocr_line' id='line_1_12' title="bbox 211 896 2509 954; baseline -0.003 -8"><span class='ocrx_word' id='word_1_95' title='bbox 211 903 441 954; x_wconf 74' lang='lat' dir='ltr'><strong>Aelianum</strong></span> <span class='ocrx_word' id='word_1_96' title='bbox 467 900 574 946; x_wconf 87' lang='lat' dir='ltr'><strong>Var.</strong></span> <span class='ocrx_word' id='word_1_97' title='bbox 601 899 713 942; x_wconf 63' lang='lat' dir='ltr'><strong>Eiet.</strong></span> <span class='ocrx_word' id='word_1_98' title='bbox 740 897 863 941; x_wconf 84' lang='lat' dir='ltr'><strong>XIII.</strong></span> <span class='ocrx_word' id='word_1_99' title='bbox 889 900 939 947; x_wconf 86' lang='lat'><strong>4;</strong></span> <span class='ocrx_word' id='word_1_100' title='bbox 977 896 1238 953; x_wconf 81' lang='lat' dir='ltr'><strong>Hesychium</strong></span> <span class='ocrx_word' id='word_1_101' title='bbox 1271 913 1378 942; x_wconf 85' lang='lat' dir='ltr'><strong>voce</strong></span> <span class='ocrx_word' id='word_1_102' title='bbox 1406 899 1699 953; x_wconf 69' lang='grc' dir='ltr'>Αγαθόνὲιονα</span> <span class='ocrx_word' id='word_1_103' title='bbox 1676 900 1835 950; x_wconf 92' lang='grc' dir='ltr'>αὔλησιν·</span> <span class='ocrx_word' id='word_1_104' title='bbox 1872 901 2107 942; x_wconf 86' lang='lat' dir='ltr'><strong>Luciannm</strong></span> <span class='ocrx_word' id='word_1_105' title='bbox 2133 898 2261 941; x_wconf 84' lang='lat' dir='ltr'><strong>Rhet.</strong></span> <span class='ocrx_word' id='word_1_106' title='bbox 2288 897 2509 953; x_wconf 79' lang='lat' dir='ltr'><strong>Praecept.</strong></span> 
     </span>
     <span class='ocr_line' id='line_1_13' title="bbox 216 970 2512 1050; baseline -0.003 -30"><span class='ocrx_word' id='word_1_107' title='bbox 216 970 319 1036; x_wconf 92' lang='grc' dir='ltr'><strong>σιμ</strong></span> <span class='ocrx_word' id='word_1_108' title='bbox 338 981 387 1020; x_wconf 83' lang='grc'><strong>11</strong></span> <span class='ocrx_word' id='word_1_109' title='bbox 416 984 579 1019; x_wconf 82' lang='lat' dir='ltr'><strong>tautum</strong></span> <span class='ocrx_word' id='word_1_110' title='bbox 607 975 758 1031; x_wconf 71' lang='lat' dir='ltr'><strong>tragici</strong></span> <span class='ocrx_word' id='word_1_111' title='bbox 772 973 1010 1031; x_wconf 76' lang='lat' dir='ltr'><strong>Agathonis</strong></span> <span class='ocrx_word' id='word_1_112' title='bbox 1035 975 1193 1015; x_wconf 81' lang='lat' dir='ltr'><strong>mentio</strong></span> <span class='ocrx_word' id='word_1_113' title='bbox 1218 972 1281 1015; x_wconf 82' lang='lat' dir='ltr'><strong>fit.</strong></span> <span class='ocrx_word' id='word_1_114' title='bbox 1333 973 1474 1033; x_wconf 87' lang='lat' dir='ltr'><strong>Atque</strong></span> <span class='ocrx_word' id='word_1_115' title='bbox 1504 978 1632 1019; x_wconf 84' lang='lat' dir='ltr'><strong>etiam</strong></span> <span class='ocrx_word' id='word_1_116' title='bbox 1651 975 1903 1018; x_wconf 83' lang='lat' dir='ltr'><strong>Aristoteles</strong></span> <span class='ocrx_word' id='word_1_117' title='bbox 1930 989 2016 1018; x_wconf 90' lang='lat' dir='ltr'><strong>non</strong></span> <span class='ocrx_word' id='word_1_118' title='bbox 2040 974 2211 1018; x_wconf 88' lang='lat' dir='ltr'><strong>silentio</strong></span> <span class='ocrx_word' id='word_1_119' title='bbox 2240 982 2512 1050; x_wconf 82' lang='lat' dir='ltr'><strong>praetereun-</strong></span> 
     </span>
     <span class='ocr_line' id='line_1_14' title="bbox 215 1049 2512 1109; baseline -0.002 -14"><span class='ocrx_word' id='word_1_120' title='bbox 215 1053 296 1096; x_wconf 81' lang='lat' dir='ltr'><strong>dus</strong></span> <span class='ocrx_word' id='word_1_121' title='bbox 324 1059 410 1106; x_wconf 86' lang='lat' dir='ltr'><strong>est,</strong></span> <span class='ocrx_word' id='word_1_122' title='bbox 451 1052 526 1109; x_wconf 83' lang='lat' dir='ltr'><strong>qui</strong></span> <span class='ocrx_word' id='word_1_123' title='bbox 563 1058 649 1093; x_wconf 85' lang='lat' dir='ltr'><strong>non</strong></span> <span class='ocrx_word' id='word_1_124' title='bbox 688 1049 811 1093; x_wconf 89' lang='lat' dir='ltr'><strong>aliter</strong></span> <span class='ocrx_word' id='word_1_125' title='bbox 847 1057 990 1107; x_wconf 84' lang='lat' dir='ltr'><strong>atque</strong></span> <span class='ocrx_word' id='word_1_126' title='bbox 1012 1049 1065 1091; x_wconf 87' lang='lat' dir='ltr'><strong>de</strong></span> <span class='ocrx_word' id='word_1_127' title='bbox 1101 1050 1321 1105; x_wconf 75' lang='lat' dir='ltr'><strong>tragoedia</strong></span> <span class='ocrx_word' id='word_1_128' title='bbox 1353 1049 1568 1093; x_wconf 76' lang='lat' dir='ltr'><strong>disserens</strong></span> <span class='ocrx_word' id='word_1_129' title='bbox 1607 1052 1846 1106; x_wconf 83' lang='lat' dir='ltr'><strong>Agathonis</strong></span> <span class='ocrx_word' id='word_1_130' title='bbox 1881 1053 2082 1094; x_wconf 78' lang='lat' dir='ltr'>meminit.</span> <span class='ocrx_word' id='word_1_131' title='bbox 2111 1052 2165 1093; x_wconf 78' lang='lat' dir='ltr'><strong>cf.</strong></span> <span class='ocrx_word' id='word_1_132' title='bbox 2194 1051 2248 1092; x_wconf 88' lang='lat' dir='ltr'><strong>de</strong></span> <span class='ocrx_word' id='word_1_133' title='bbox 2275 1059 2369 1092; x_wconf 83' lang='lat' dir='ltr'><strong>arte</strong></span> <span class='ocrx_word' id='word_1_134' title='bbox 2397 1060 2512 1104; x_wconf 88' lang='lat' dir='ltr'><strong>poet.</strong></span> 
     </span>
     <span class='ocr_line' id='line_1_15' title="bbox 215 1114 2511 1184; baseline -0.003 -11"><span class='ocrx_word' id='word_1_135' title='bbox 215 1140 310 1184; x_wconf 62' lang='lat' dir='ltr'><strong>cap.</strong></span> <span class='ocrx_word' id='word_1_136' title='bbox 335 1128 400 1171; x_wconf 84' lang='lat' dir='ltr'><strong>x.</strong></span> <span class='ocrx_word' id='word_1_137' title='bbox 423 1126 550 1173; x_wconf 77' lang='lat' dir='ltr'><strong>xvl.</strong></span> <span class='ocrx_word' id='word_1_138' title='bbox 576 1126 705 1170; x_wconf 83' lang='lat' dir='ltr'><strong>xlx.</strong></span> <span class='ocrx_word' id='word_1_139' title='bbox 724 1125 788 1169; x_wconf 68' lang='lat' dir='ltr'><strong>vcf.</strong></span> <span class='ocrx_word' id='word_1_140' title='bbox 814 1127 940 1168; x_wconf 63' lang='lat' dir='ltr'><strong>etiam</strong></span> <span class='ocrx_word' id='word_1_141' title='bbox 967 1121 1199 1168; x_wconf 60' lang='lat' dir='ltr'><strong>Plutarch.</strong></span> <span class='ocrx_word' id='word_1_142' title='bbox 1208 1126 1405 1182; x_wconf 73' lang='lat' dir='ltr'><strong>Sympos.</strong></span> <span class='ocrx_word' id='word_1_143' title='bbox 1431 1126 1507 1169; x_wconf 80' lang='grc' dir='ltr'>ιιι.</span> <span class='ocrx_word' id='word_1_144' title='bbox 1538 1132 1575 1171; x_wconf 91' lang='lat'><strong>1.</strong></span> <span class='ocrx_word' id='word_1_145' title='bbox 1604 1136 1647 1169; x_wconf 68' lang='lat' dir='ltr'><strong>et</strong></span> <span class='ocrx_word' id='word_1_146' title='bbox 1677 1114 1842 1169; x_wconf 63' lang='lat' dir='ltr'><strong>Aoum.</strong></span> <span class='ocrx_word' id='word_1_147' title='bbox 1877 1126 1982 1169; x_wconf 66' lang='lat' dir='ltr'><strong>var.</strong></span> <span class='ocrx_word' id='word_1_148' title='bbox 2012 1127 2129 1175; x_wconf 51' lang='lat' dir='ltr'><strong>‚nist</strong></span> <span class='ocrx_word' id='word_1_149' title='bbox 2165 1127 2293 1170; x_wconf 83' lang='lat' dir='ltr'><strong>xw.</strong></span> <span class='ocrx_word' id='word_1_150' title='bbox 2331 1131 2399 1168; x_wconf 67' lang='grc' dir='ltr'><strong>ιι.</strong></span> <span class='ocrx_word' id='word_1_151' title='bbox 2461 1124 2511 1166; x_wconf 70' lang='grc' dir='ltr'><strong>ιι,</strong></span> 
     </span>
     <span class='ocr_line' id='line_1_16' title="bbox 215 1200 2513 1259; baseline -0.001 -12"><span class='ocrx_word' id='word_1_152' title='bbox 215 1204 297 1247; x_wconf 82' lang='lat' dir='ltr'><strong>hac</strong></span> <span class='ocrx_word' id='word_1_153' title='bbox 311 1203 654 1253; x_wconf 75' lang='lat' dir='ltr'><strong>&#39;testimoniorum</strong></span> <span class='ocrx_word' id='word_1_154' title='bbox 680 1202 824 1256; x_wconf 87' lang='lat' dir='ltr'><strong>eopia,</strong></span> <span class='ocrx_word' id='word_1_155' title='bbox 855 1200 1008 1258; x_wconf 82' lang='lat' dir='ltr'><strong>quibus</strong></span> <span class='ocrx_word' id='word_1_156' title='bbox 1027 1201 1252 1258; x_wconf 76' lang='lat' dir='ltr'><strong>&#39;Agathoni</strong></span> <span class='ocrx_word' id='word_1_157' title='bbox 1280 1203 1498 1259; x_wconf 80' lang='lat' dir='ltr'><strong>tragoedia</strong></span> <span class='ocrx_word' id='word_1_158' title='bbox 1526 1203 1784 1254; x_wconf 87' lang='lat' dir='ltr'><strong>vindicatur,</strong></span> <span class='ocrx_word' id='word_1_159' title='bbox 1812 1204 1962 1245; x_wconf 89' lang='lat' dir='ltr'><strong>mirum</strong></span> <span class='ocrx_word' id='word_1_160' title='bbox 1989 1212 2079 1257; x_wconf 87' lang='lat' dir='ltr'><strong>est,</strong></span> <span class='ocrx_word' id='word_1_161' title='bbox 2109 1217 2162 1245; x_wconf 90' lang='lat' dir='ltr'><strong>ne</strong></span> <span class='ocrx_word' id='word_1_162' title='bbox 2188 1216 2317 1245; x_wconf 89' lang='lat' dir='ltr'><strong>unum</strong></span> <span class='ocrx_word' id='word_1_163' title='bbox 2342 1202 2513 1259; x_wconf 80' lang='lat' dir='ltr'><strong>quidem</strong></span> 
     </span>
     <span class='ocr_line' id='line_1_17' title="bbox 216 1274 2510 1337; baseline -0.002 -14"><span class='ocrx_word' id='word_1_164' title='bbox 216 1282 418 1333; x_wconf 84' lang='lat' dir='ltr'><strong>inveniri,</strong></span> <span class='ocrx_word' id='word_1_165' title='bbox 457 1279 571 1337; x_wconf 87' lang='lat' dir='ltr'><strong>quod</strong></span> <span class='ocrx_word' id='word_1_166' title='bbox 602 1280 660 1320; x_wconf 85' lang='lat' dir='ltr'><strong>sit</strong></span> <span class='ocrx_word' id='word_1_167' title='bbox 692 1292 769 1334; x_wconf 87' lang='lat' dir='ltr'><strong>pro</strong></span> <span class='ocrx_word' id='word_1_168' title='bbox 807 1278 965 1320; x_wconf 86' lang='lat' dir='ltr'><strong>comica</strong></span> <span class='ocrx_word' id='word_1_169' title='bbox 1000 1274 1237 1334; x_wconf 79' lang='lat' dir='ltr'><strong>Agathonis</strong></span> <span class='ocrx_word' id='word_1_170' title='bbox 1273 1287 1386 1330; x_wconf 87' lang='lat' dir='ltr'><strong>arte,</strong></span> <span class='ocrx_word' id='word_1_171' title='bbox 1421 1294 1547 1337; x_wconf 87' lang='lat' dir='ltr'><strong>quum</strong></span> <span class='ocrx_word' id='word_1_172' title='bbox 1583 1286 1747 1333; x_wconf 80' lang='lat' dir='ltr'><strong>tamen,</strong></span> <span class='ocrx_word' id='word_1_173' title='bbox 1790 1283 1829 1323; x_wconf 86' lang='lat' dir='ltr'><strong>si</strong></span> <span class='ocrx_word' id='word_1_174' title='bbox 1871 1290 2090 1337; x_wconf 86' lang='lat' dir='ltr'><strong>utramque</strong></span> <span class='ocrx_word' id='word_1_175' title='bbox 2129 1280 2204 1322; x_wconf 89' lang='lat' dir='ltr'><strong>ille</strong></span> <span class='ocrx_word' id='word_1_176' title='bbox 2244 1288 2377 1322; x_wconf 90' lang='lat' dir='ltr'><strong>artem</strong></span> <span class='ocrx_word' id='word_1_177' title='bbox 2411 1293 2510 1320; x_wconf 88' lang='lat' dir='ltr'><strong>con-</strong></span> 
     </span>
     <span class='ocr_line' id='line_1_18' title="bbox 211 1352 2512 1413; baseline -0.001 -15"><span class='ocrx_word' id='word_1_178' title='bbox 211 1356 454 1411; x_wconf 72' lang='lat' dir='ltr'><strong>junxisset,</strong></span> <span class='ocrx_word' id='word_1_179' title='bbox 486 1354 592 1410; x_wconf 77' lang='lat' dir='ltr'><strong>haee</strong></span> <span class='ocrx_word' id='word_1_180' title='bbox 628 1367 698 1413; x_wconf 84' lang='lat' dir='ltr'><strong>res</strong></span> <span class='ocrx_word' id='word_1_181' title='bbox 736 1352 951 1395; x_wconf 85' lang='lat' dir='ltr'><strong>veteribus</strong></span> <span class='ocrx_word' id='word_1_182' title='bbox 976 1357 1101 1397; x_wconf 79' lang='lat' dir='ltr'><strong>&#39;certe</strong></span> <span class='ocrx_word' id='word_1_183' title='bbox 1130 1355 1259 1410; x_wconf 83' lang='lat' dir='ltr'><strong>digna</strong></span> <span class='ocrx_word' id='word_1_184' title='bbox 1286 1357 1381 1397; x_wconf 85' lang='lat' dir='ltr'><strong>visa</strong></span> <span class='ocrx_word' id='word_1_185' title='bbox 1407 1355 1583 1406; x_wconf 82' lang='lat' dir='ltr'><strong>fuisset,</strong></span> <span class='ocrx_word' id='word_1_186' title='bbox 1629 1369 1737 1412; x_wconf 88' lang='lat' dir='ltr'><strong>quae</strong></span> <span class='ocrx_word' id='word_1_187' title='bbox 1760 1357 1882 1412; x_wconf 86' lang='lat' dir='ltr'><strong>quasi</strong></span> <span class='ocrx_word' id='word_1_188' title='bbox 1911 1370 2109 1413; x_wconf 83' lang='lat' dir='ltr'><strong>magnum</strong></span> <span class='ocrx_word' id='word_1_189' title='bbox 2137 1356 2311 1413; x_wconf 84' lang='lat' dir='ltr'><strong>aliquod</strong></span> <span class='ocrx_word' id='word_1_190' title='bbox 2339 1356 2512 1396; x_wconf 81' lang='lat' dir='ltr'><strong>summis</strong></span> 
     </span>
     <span class='ocr_line' id='line_1_19' title="bbox 216 1430 2512 1488; baseline -0.002 -14"><span class='ocrx_word' id='word_1_191' title='bbox 216 1430 412 1475; x_wconf 86' lang='lat' dir='ltr'><strong>laudibus</strong></span> <span class='ocrx_word' id='word_1_192' title='bbox 450 1438 598 1472; x_wconf 87' lang='lat' dir='ltr'><strong>ornata</strong></span> <span class='ocrx_word' id='word_1_193' title='bbox 636 1431 865 1471; x_wconf 88' lang='lat' dir='ltr'><strong>memoriae</strong></span> <span class='ocrx_word' id='word_1_194' title='bbox 900 1430 1086 1471; x_wconf 85' lang='lat' dir='ltr'><strong>daretur.</strong></span> <span class='ocrx_word' id='word_1_195' title='bbox 1157 1430 1243 1472; x_wconf 86' lang='lat' dir='ltr'><strong>Sed</strong></span> <span class='ocrx_word' id='word_1_196' title='bbox 1272 1433 1365 1485; x_wconf 83' lang='lat' dir='ltr'><strong>jam</strong></span> <span class='ocrx_word' id='word_1_197' title='bbox 1401 1432 1526 1472; x_wconf 87' lang='lat' dir='ltr'><strong>nimis</strong></span> <span class='ocrx_word' id='word_1_198' title='bbox 1564 1431 1716 1484; x_wconf 88' lang='lat' dir='ltr'><strong>multa,</strong></span> <span class='ocrx_word' id='word_1_199' title='bbox 1751 1440 1799 1472; x_wconf 90' lang='lat' dir='ltr'><strong>ut</strong></span> <span class='ocrx_word' id='word_1_200' title='bbox 1827 1433 2131 1484; x_wconf 79' lang='lat' dir='ltr'><strong>demonstrem,</strong></span> <span class='ocrx_word' id='word_1_201' title='bbox 2172 1445 2257 1474; x_wconf 92' lang='lat' dir='ltr'><strong>non</strong></span> <span class='ocrx_word' id='word_1_202' title='bbox 2295 1445 2422 1488; x_wconf 89' lang='lat' dir='ltr'><strong>posse</strong></span> <span class='ocrx_word' id='word_1_203' title='bbox 2460 1430 2512 1471; x_wconf 86' lang='lat' dir='ltr'><strong>de</strong></span> 
     </span>
     <span class='ocr_line' id='line_1_20' title="bbox 217 1506 2513 1565; baseline -0.002 -15"><span class='ocrx_word' id='word_1_204' title='bbox 217 1507 456 1564; x_wconf 83' lang='lat' dir='ltr'><strong>Agathonis</strong></span> <span class='ocrx_word' id='word_1_205' title='bbox 488 1514 578 1547; x_wconf 89' lang='lat' dir='ltr'><strong>arte</strong></span> <span class='ocrx_word' id='word_1_206' title='bbox 607 1507 768 1546; x_wconf 87' lang='lat' dir='ltr'><strong>comica</strong></span> <span class='ocrx_word' id='word_1_207' title='bbox 808 1507 1011 1560; x_wconf 85' lang='lat' dir='ltr'><strong>cogitari,</strong></span> <span class='ocrx_word' id='word_1_208' title='bbox 1044 1506 1168 1557; x_wconf 87' lang='lat' dir='ltr'><strong>dixi,</strong></span> <span class='ocrx_word' id='word_1_209' title='bbox 1208 1520 1335 1562; x_wconf 89' lang='lat' dir='ltr'><strong>quam</strong></span> <span class='ocrx_word' id='word_1_210' title='bbox 1366 1513 1412 1547; x_wconf 88' lang='lat' dir='ltr'><strong>ut</strong></span> <span class='ocrx_word' id='word_1_211' title='bbox 1445 1506 1619 1548; x_wconf 85' lang='lat' dir='ltr'><strong>verbum</strong></span> <span class='ocrx_word' id='word_1_212' title='bbox 1655 1507 1788 1549; x_wconf 86' lang='lat' dir='ltr'><strong>ullum</strong></span> <span class='ocrx_word' id='word_1_213' title='bbox 1824 1508 1992 1551; x_wconf 86' lang='lat' dir='ltr'><strong>addam.</strong></span> <span class='ocrx_word' id='word_1_214' title='bbox 2058 1507 2202 1557; x_wconf 80' lang='lat' dir='ltr'><strong>Quare</strong></span> <span class='ocrx_word' id='word_1_215' title='bbox 2239 1521 2419 1565; x_wconf 82' lang='lat' dir='ltr'><strong>pergam</strong></span> <span class='ocrx_word' id='word_1_216' title='bbox 2457 1506 2513 1547; x_wconf 87' lang='lat' dir='ltr'><strong>ad</strong></span> 
     </span>
    </p>
   </div>
   <div class='ocr_carea' id='block_1_5' title="bbox 133 1582 1110 1637">
    <p class='ocr_par' dir='ltr' id='par_1_8' title="bbox 133 1582 1110 1637">
     <span class='ocr_line' id='line_1_21' title="bbox 133 1582 1110 1637; baseline -0.006 -11"><span class='ocrx_word' id='word_1_217' title='bbox 133 1617 135 1619; x_wconf 84' lang='lat'>-</span> <span class='ocrx_word' id='word_1_218' title='bbox 218 1583 394 1626; x_wconf 80' lang='lat' dir='ltr'><strong>alteram</strong></span> <span class='ocrx_word' id='word_1_219' title='bbox 413 1582 660 1637; x_wconf 77' lang='lat' dir='ltr'><strong>¹scriptionis</strong></span> <span class='ocrx_word' id='word_1_220' title='bbox 687 1589 875 1635; x_wconf 87' lang='lat' dir='ltr'><strong>partem,</strong></span> <span class='ocrx_word' id='word_1_221' title='bbox 908 1594 1016 1635; x_wconf 88' lang='lat' dir='ltr'><strong>quae</strong></span> <span class='ocrx_word' id='word_1_222' title='bbox 1044 1586 1110 1621; x_wconf 88' lang='lat' dir='ltr'><strong>est</strong></span> 
     </span>
    </p>
   </div>
   <div class='ocr_carea' id='block_1_6' title="bbox 0 0 75 3313">
    <p class='ocr_par' dir='ltr' id='par_1_9' title="bbox 0 0 75 3313">
     <span class='ocr_line' id='line_1_22' title="bbox 0 0 75 3313; baseline 0 0"><span class='ocrx_word' id='word_1_223' title='bbox 0 0 75 3313; x_wconf 95' lang='lat' dir='ltr'><strong> </strong></span> 
     </span>
    </p>
   </div>
   <div class='ocr_carea' id='block_1_7' title="bbox 898 1690 1836 1753">
    <p class='ocr_par' dir='ltr' id='par_1_10' title="bbox 898 1690 1836 1753">
     <span class='ocr_line' id='line_1_23' title="bbox 898 1690 1836 1753; baseline 0.003 -16"><span class='ocrx_word' id='word_1_224' title='bbox 898 1691 1004 1737; x_wconf 88' lang='lat' dir='ltr'><strong>De</strong></span> <span class='ocrx_word' id='word_1_225' title='bbox 1069 1690 1265 1740; x_wconf 84' lang='lat' dir='ltr'><strong>vita</strong></span> <span class='ocrx_word' id='word_1_226' title='bbox 1329 1690 1836 1753; x_wconf 13' lang='lat' dir='ltr'><strong>Agatrhonis.</strong></span> 
     </span>
    </p>
   </div>
   <div class='ocr_carea' id='block_1_8' title="bbox 186 1793 2518 3009">
    <p class='ocr_par' dir='ltr' id='par_1_11' title="bbox 186 1793 2518 3009">
     <span class='ocr_line' id='line_1_24' title="bbox 413 1793 2513 1854; baseline 0 -17"><span class='ocrx_word' id='word_1_227' title='bbox 413 1795 518 1838; x_wconf 81' lang='lat' dir='ltr'><strong>Vita</strong></span> <span class='ocrx_word' id='word_1_228' title='bbox 544 1796 780 1849; x_wconf 79' lang='lat' dir='ltr'><strong>Agathonis</strong></span> <span class='ocrx_word' id='word_1_229' title='bbox 807 1795 939 1836; x_wconf 88' lang='lat' dir='ltr'><strong>densa</strong></span> <span class='ocrx_word' id='word_1_230' title='bbox 970 1793 1153 1849; x_wconf 81' lang='lat' dir='ltr'><strong>caligine</strong></span> <span class='ocrx_word' id='word_1_231' title='bbox 1180 1795 1372 1838; x_wconf 88' lang='lat' dir='ltr'><strong>involuta</strong></span> <span class='ocrx_word' id='word_1_232' title='bbox 1397 1806 1488 1845; x_wconf 80' lang='lat' dir='ltr'><strong>est3</strong></span> <span class='ocrx_word' id='word_1_233' title='bbox 1521 1796 1627 1838; x_wconf 82' lang='lat' dir='ltr'><strong>nihil</strong></span> <span class='ocrx_word' id='word_1_234' title='bbox 1657 1800 1709 1841; x_wconf 90' lang='lat' dir='ltr'><strong>de</strong></span> <span class='ocrx_word' id='word_1_235' title='bbox 1739 1797 2008 1854; x_wconf 79' lang='lat' dir='ltr'><strong>parentibus,</strong></span> <span class='ocrx_word' id='word_1_236' title='bbox 2037 1797 2143 1840; x_wconf 87' lang='lat' dir='ltr'><strong>nihil</strong></span> <span class='ocrx_word' id='word_1_237' title='bbox 2172 1798 2225 1841; x_wconf 90' lang='lat' dir='ltr'><strong>de</strong></span> <span class='ocrx_word' id='word_1_238' title='bbox 2252 1799 2391 1854; x_wconf 89' lang='lat' dir='ltr'><strong>prima</strong></span> <span class='ocrx_word' id='word_1_239' title='bbox 2418 1798 2513 1851; x_wconf 83' lang='lat' dir='ltr'><strong>ejus</strong></span> 
     </span>
     <span class='ocr_line' id='line_1_25' title="bbox 217 1870 2514 1932; baseline 0 -18"><span class='ocrx_word' id='word_1_240' title='bbox 217 1879 383 1925; x_wconf 83' lang='lat' dir='ltr'><strong>aetate,</strong></span> <span class='ocrx_word' id='word_1_241' title='bbox 411 1871 516 1913; x_wconf 83' lang='lat' dir='ltr'><strong>nihil</strong></span> <span class='ocrx_word' id='word_1_242' title='bbox 543 1872 595 1913; x_wconf 88' lang='lat' dir='ltr'><strong>de</strong></span> <span class='ocrx_word' id='word_1_243' title='bbox 620 1870 783 1928; x_wconf 87' lang='lat' dir='ltr'><strong>reliqua</strong></span> <span class='ocrx_word' id='word_1_244' title='bbox 809 1885 949 1913; x_wconf 89' lang='lat' dir='ltr'><strong>rerum</strong></span> <span class='ocrx_word' id='word_1_245' title='bbox 982 1871 1223 1913; x_wconf 83' lang='lat' dir='ltr'><strong>conditione</strong></span> <span class='ocrx_word' id='word_1_246' title='bbox 1253 1871 1493 1928; x_wconf 84' lang='lat' dir='ltr'><strong>Agathonis</strong></span> <span class='ocrx_word' id='word_1_247' title='bbox 1522 1876 1737 1925; x_wconf 53' lang='lat' dir='ltr'><strong>novimum</strong></span> <span class='ocrx_word' id='word_1_248' title='bbox 1765 1889 1819 1917; x_wconf 86' lang='lat' dir='ltr'><strong>ne</strong></span> <span class='ocrx_word' id='word_1_249' title='bbox 1847 1875 1901 1918; x_wconf 89' lang='lat' dir='ltr'><strong>de</strong></span> <span class='ocrx_word' id='word_1_250' title='bbox 1928 1876 2065 1932; x_wconf 87' lang='lat' dir='ltr'><strong>patria</strong></span> <span class='ocrx_word' id='word_1_251' title='bbox 2091 1876 2263 1931; x_wconf 87' lang='lat' dir='ltr'><strong>quidem</strong></span> <span class='ocrx_word' id='word_1_252' title='bbox 2291 1877 2385 1929; x_wconf 82' lang='lat' dir='ltr'><strong>ejus</strong></span> <span class='ocrx_word' id='word_1_253' title='bbox 2412 1876 2514 1916; x_wconf 83' lang='lat' dir='ltr'><strong>satis</strong></span> 
     </span>
     <span class='ocr_line' id='line_1_26' title="bbox 212 1944 2514 2008; baseline 0.001 -18.004"><span class='ocrx_word' id='word_1_254' title='bbox 212 1955 395 1998; x_wconf 63' lang='lat' dir='ltr'><strong>constat.</strong></span> <span class='ocrx_word' id='word_1_255' title='bbox 474 1946 665 1988; x_wconf 78' lang='lat' dir='ltr'><strong>Tametsi</strong></span> <span class='ocrx_word' id='word_1_256' title='bbox 714 1959 815 1987; x_wconf 81' lang='lat' dir='ltr'><strong>vero</strong></span> <span class='ocrx_word' id='word_1_257' title='bbox 864 1944 1024 1988; x_wconf 87' lang='lat' dir='ltr'><strong>nullum</strong></span> <span class='ocrx_word' id='word_1_258' title='bbox 1069 1953 1148 2001; x_wconf 87' lang='lat' dir='ltr'><strong>pro</strong></span> <span class='ocrx_word' id='word_1_259' title='bbox 1194 1948 1334 2002; x_wconf 86' lang='lat' dir='ltr'><strong>patria</strong></span> <span class='ocrx_word' id='word_1_260' title='bbox 1382 1947 1619 2005; x_wconf 77' lang='lat' dir='ltr'><strong>Agathonis</strong></span> <span class='ocrx_word' id='word_1_261' title='bbox 1654 1959 1799 1994; x_wconf 87' lang='lat' dir='ltr'><strong>exstat</strong></span> <span class='ocrx_word' id='word_1_262' title='bbox 1844 1953 2003 1994; x_wconf 82' lang='lat' dir='ltr'><strong>veteris</strong></span> <span class='ocrx_word' id='word_1_263' title='bbox 2051 1951 2269 2008; x_wconf 81' lang='lat' dir='ltr'><strong>scriptoris</strong></span> <span class='ocrx_word' id='word_1_264' title='bbox 2326 1951 2514 1992; x_wconf 87' lang='lat' dir='ltr'><strong>testimo-</strong></span> 
     </span>
     <span class='ocr_line' id='line_1_27' title="bbox 217 2022 2513 2082; baseline 0.001 -18"><span class='ocrx_word' id='word_1_265' title='bbox 217 2025 355 2074; x_wconf 83' lang='lat' dir='ltr'><strong>nium,</strong></span> <span class='ocrx_word' id='word_1_266' title='bbox 392 2032 533 2064; x_wconf 85' lang='lat' dir='ltr'><strong>tamen</strong></span> <span class='ocrx_word' id='word_1_267' title='bbox 565 2023 869 2063; x_wconf 85' lang='lat' dir='ltr'><strong>Atheniensem</strong></span> <span class='ocrx_word' id='word_1_268' title='bbox 904 2035 1000 2062; x_wconf 83' lang='lat' dir='ltr'><strong>eum</strong></span> <span class='ocrx_word' id='word_1_269' title='bbox 1036 2022 1169 2063; x_wconf 77' lang='lat' dir='ltr'><strong>fuisse</strong></span> <span class='ocrx_word' id='word_1_270' title='bbox 1203 2032 1291 2065; x_wconf 85' lang='lat' dir='ltr'><strong>tum</strong></span> <span class='ocrx_word' id='word_1_271' title='bbox 1332 2025 1377 2065; x_wconf 91' lang='lat' dir='ltr'><strong>id</strong></span> <span class='ocrx_word' id='word_1_272' title='bbox 1407 2027 1568 2079; x_wconf 83' lang='lat' dir='ltr'><strong>ipsum,</strong></span> <span class='ocrx_word' id='word_1_273' title='bbox 1606 2028 1718 2082; x_wconf 88' lang='lat' dir='ltr'><strong>quod</strong></span> <span class='ocrx_word' id='word_1_274' title='bbox 1753 2037 1922 2068; x_wconf 83' lang='lat' dir='ltr'><strong>veteres</strong></span> <span class='ocrx_word' id='word_1_275' title='bbox 1949 2030 2180 2082; x_wconf 73' lang='lat' dir='ltr'><strong>scriptores</strong></span> <span class='ocrx_word' id='word_1_276' title='bbox 2207 2030 2391 2082; x_wconf 77' lang='lat' dir='ltr'><strong>patriam</strong></span> <span class='ocrx_word' id='word_1_277' title='bbox 2417 2029 2513 2080; x_wconf 84' lang='lat' dir='ltr'><strong>ejus</strong></span> 
     </span>
     <span class='ocr_line' id='line_1_28' title="bbox 211 2070 2511 2160; baseline 0.001 -17"><span class='ocrx_word' id='word_1_278' title='bbox 211 2070 386 2143; x_wconf 68' lang='lat' dir='ltr'><strong>silentio</strong></span> <span class='ocrx_word' id='word_1_279' title='bbox 418 2105 659 2150; x_wconf 79' lang='lat' dir='ltr'><strong>transeunt,</strong></span> <span class='ocrx_word' id='word_1_280' title='bbox 690 2098 813 2154; x_wconf 85' lang='lat' dir='ltr'><strong>quasi</strong></span> <span class='ocrx_word' id='word_1_281' title='bbox 843 2095 950 2140; x_wconf 89' lang='lat' dir='ltr'><strong>haec</strong></span> <span class='ocrx_word' id='word_1_282' title='bbox 975 2112 1046 2140; x_wconf 86' lang='lat' dir='ltr'><strong>res</strong></span> <span class='ocrx_word' id='word_1_283' title='bbox 1067 2113 1144 2153; x_wconf 90' lang='lat' dir='ltr'><strong>per</strong></span> <span class='ocrx_word' id='word_1_284' title='bbox 1168 2115 1217 2143; x_wconf 85' lang='lat' dir='ltr'><strong>se</strong></span> <span class='ocrx_word' id='word_1_285' title='bbox 1244 2097 1359 2143; x_wconf 85' lang='lat' dir='ltr'><strong>clara</strong></span> <span class='ocrx_word' id='word_1_286' title='bbox 1386 2102 1465 2154; x_wconf 87' lang='lat' dir='ltr'><strong>sit,</strong></span> <span class='ocrx_word' id='word_1_287' title='bbox 1496 2112 1582 2145; x_wconf 92' lang='lat' dir='ltr'><strong>tum</strong></span> <span class='ocrx_word' id='word_1_288' title='bbox 1609 2112 1751 2156; x_wconf 87' lang='lat' dir='ltr'><strong>arcta,</strong></span> <span class='ocrx_word' id='word_1_289' title='bbox 1790 2120 1901 2160; x_wconf 92' lang='lat' dir='ltr'><strong>quae</strong></span> <span class='ocrx_word' id='word_1_290' title='bbox 1944 2104 2260 2148; x_wconf 87' lang='lat' dir='ltr'><strong>adalescentulo</strong></span> <span class='ocrx_word' id='word_1_291' title='bbox 2298 2104 2511 2160; x_wconf 81' lang='lat' dir='ltr'><strong>Agathoni</strong></span> 
     </span>
     <span class='ocr_line' id='line_1_29' title="bbox 221 2171 2512 2246; baseline 0.002 -30"><span class='ocrx_word' id='word_1_292' title='bbox 221 2186 332 2221; x_wconf 78' lang='lat' dir='ltr'><strong>oum</strong></span> <span class='ocrx_word' id='word_1_293' title='bbox 344 2172 556 2216; x_wconf 74' lang='lat' dir='ltr'><strong>Pausania</strong></span> <span class='ocrx_word' id='word_1_294' title='bbox 580 2171 888 2225; x_wconf 81' lang='lat' dir='ltr'><strong>intercedebat,</strong></span> <span class='ocrx_word' id='word_1_295' title='bbox 916 2173 1179 2216; x_wconf 78' lang='lat' dir='ltr'><strong>necessitudo</strong></span> <span class='ocrx_word' id='word_1_296' title='bbox 1197 2174 1291 2231; x_wconf 83' lang='lat' dir='ltr'><strong>(de</strong></span> <span class='ocrx_word' id='word_1_297' title='bbox 1317 2189 1402 2233; x_wconf 86' lang='lat' dir='ltr'><strong>qua</strong></span> <span class='ocrx_word' id='word_1_298' title='bbox 1429 2176 1527 2219; x_wconf 81' lang='lat' dir='ltr'><strong>vide</strong></span> <span class='ocrx_word' id='word_1_299' title='bbox 1552 2177 1763 2222; x_wconf 82' lang='lat' dir='ltr'><strong>Platonis</strong></span> <span class='ocrx_word' id='word_1_300' title='bbox 1772 2178 1994 2246; x_wconf 80' lang='lat' dir='ltr'><strong>Protagor.</strong></span> <span class='ocrx_word' id='word_1_301' title='bbox 2020 2194 2119 2238; x_wconf 82' lang='lat' dir='ltr'><strong>pag.</strong></span> <span class='ocrx_word' id='word_1_302' title='bbox 2142 2183 2239 2224; x_wconf 85' lang='grc'><strong>315.</strong></span> <span class='ocrx_word' id='word_1_303' title='bbox 2264 2178 2320 2224; x_wconf 90' lang='lat' dir='ltr'><strong>D.</strong></span> <span class='ocrx_word' id='word_1_304' title='bbox 2348 2178 2512 2223; x_wconf 83' lang='lat' dir='ltr'><strong>Aelian.</strong></span> 
     </span>
     <span class='ocr_line' id='line_1_30' title="bbox 213 2246 2515 2313; baseline 0.003 -23"><span class='ocrx_word' id='word_1_305' title='bbox 213 2246 327 2304; x_wconf 65' lang='lat' dir='ltr'><strong>var.</strong></span> <span class='ocrx_word' id='word_1_306' title='bbox 353 2248 466 2291; x_wconf 84' lang='lat' dir='ltr'><strong>Hist.</strong></span> <span class='ocrx_word' id='word_1_307' title='bbox 489 2249 543 2291; x_wconf 83' lang='grc' dir='ltr'><strong>ΙΙ.</strong></span> <span class='ocrx_word' id='word_1_308' title='bbox 580 2250 651 2303; x_wconf 84' lang='grc'><strong>21)</strong></span> <span class='ocrx_word' id='word_1_309' title='bbox 690 2262 818 2306; x_wconf 84' lang='lat' dir='ltr'><strong>quam</strong></span> <span class='ocrx_word' id='word_1_310' title='bbox 842 2247 975 2292; x_wconf 75' lang='lat' dir='ltr'><strong>aliter</strong></span> <span class='ocrx_word' id='word_1_311' title='bbox 1013 2251 1091 2292; x_wconf 86' lang='lat' dir='ltr'><strong>vix</strong></span> <span class='ocrx_word' id='word_1_312' title='bbox 1127 2250 1346 2307; x_wconf 84' lang='lat' dir='ltr'><strong>explicare</strong></span> <span class='ocrx_word' id='word_1_313' title='bbox 1384 2256 1550 2310; x_wconf 79' lang='lat' dir='ltr'><strong>possiS,</strong></span> <span class='ocrx_word' id='word_1_314' title='bbox 1588 2264 1676 2297; x_wconf 90' lang='lat' dir='ltr'><strong>tum</strong></span> <span class='ocrx_word' id='word_1_315' title='bbox 1707 2256 1904 2299; x_wconf 83' lang='lat' dir='ltr'><strong>diuturna</strong></span> <span class='ocrx_word' id='word_1_316' title='bbox 1941 2258 2177 2313; x_wconf 83' lang='lat' dir='ltr'><strong>Agathonis</strong></span> <span class='ocrx_word' id='word_1_317' title='bbox 2218 2260 2265 2300; x_wconf 87' lang='lat' dir='ltr'><strong>in</strong></span> <span class='ocrx_word' id='word_1_318' title='bbox 2300 2258 2380 2299; x_wconf 90' lang='lat' dir='ltr'><strong>hac</strong></span> <span class='ocrx_word' id='word_1_319' title='bbox 2411 2256 2515 2298; x_wconf 86' lang='lat' dir='ltr'><strong>urbe</strong></span> 
     </span>
     <span class='ocr_line' id='line_1_31' title="bbox 223 2323 2516 2390; baseline 0.005 -26"><span class='ocrx_word' id='word_1_320' title='bbox 223 2324 496 2387; x_wconf 69' lang='lat' dir='ltr'><strong>commoratio</strong></span> <span class='ocrx_word' id='word_1_321' title='bbox 526 2326 713 2377; x_wconf 88' lang='lat' dir='ltr'><strong>evincat,</strong></span> <span class='ocrx_word' id='word_1_322' title='bbox 755 2338 881 2381; x_wconf 88' lang='lat' dir='ltr'><strong>quam</strong></span> <span class='ocrx_word' id='word_1_323' title='bbox 922 2323 1022 2373; x_wconf 84' lang='lat' dir='ltr'><strong>inde</strong></span> <span class='ocrx_word' id='word_1_324' title='bbox 1050 2324 1107 2367; x_wconf 89' lang='lat' dir='ltr'><strong>ab</strong></span> <span class='ocrx_word' id='word_1_325' title='bbox 1135 2324 1207 2368; x_wconf 88' lang='lat' dir='ltr'><strong>ol.</strong></span> <span class='ocrx_word' id='word_1_326' title='bbox 1232 2330 1300 2369; x_wconf 86' lang='grc'><strong>87.</strong></span> <span class='ocrx_word' id='word_1_327' title='bbox 1328 2331 1391 2381; x_wconf 80' lang='grc'><strong>2.,</strong></span> <span class='ocrx_word' id='word_1_328' title='bbox 1429 2343 1513 2386; x_wconf 88' lang='lat' dir='ltr'><strong>quo</strong></span> <span class='ocrx_word' id='word_1_329' title='bbox 1537 2344 1648 2372; x_wconf 89' lang='lat' dir='ltr'><strong>anno</strong></span> <span class='ocrx_word' id='word_1_330' title='bbox 1677 2331 1846 2374; x_wconf 83' lang='lat' dir='ltr'><strong>habitus</strong></span> <span class='ocrx_word' id='word_1_331' title='bbox 1874 2347 1969 2375; x_wconf 88' lang='lat' dir='ltr'><strong>esse</strong></span> <span class='ocrx_word' id='word_1_332' title='bbox 1996 2332 2169 2390; x_wconf 74' lang='lat' dir='ltr'><strong>fingitur</strong></span> <span class='ocrx_word' id='word_1_333' title='bbox 2196 2334 2385 2377; x_wconf 88' lang='lat' dir='ltr'><strong>Platonis</strong></span> <span class='ocrx_word' id='word_1_334' title='bbox 2412 2335 2516 2376; x_wconf 86' lang='lat' dir='ltr'><strong>Pro-</strong></span> 
     </span>
     <span class='ocr_line' id='line_1_32' title="bbox 214 2403 2515 2466; baseline 0.004 -23"><span class='ocrx_word' id='word_1_335' title='bbox 214 2406 429 2455; x_wconf 67' lang='lat' dir='ltr'><strong>tagoras,</strong></span> <span class='ocrx_word' id='word_1_336' title='bbox 445 2403 644 2457; x_wconf 76' lang='lat' dir='ltr'><strong>prosequi</strong></span> <span class='ocrx_word' id='word_1_337' title='bbox 672 2415 898 2457; x_wconf 86' lang='lat' dir='ltr'><strong>possumus</strong></span> <span class='ocrx_word' id='word_1_338' title='bbox 924 2416 1060 2460; x_wconf 89' lang='lat' dir='ltr'><strong>usque</strong></span> <span class='ocrx_word' id='word_1_339' title='bbox 1085 2404 1141 2445; x_wconf 85' lang='lat' dir='ltr'><strong>ad</strong></span> <span class='ocrx_word' id='word_1_340' title='bbox 1168 2403 1235 2445; x_wconf 92' lang='lat'><strong>01.</strong></span> <span class='ocrx_word' id='word_1_341' title='bbox 1263 2407 1335 2446; x_wconf 77' lang='lat'><strong>92.</strong></span> <span class='ocrx_word' id='word_1_342' title='bbox 1366 2410 1425 2458; x_wconf 88' lang='lat'><strong>1.,</strong></span> <span class='ocrx_word' id='word_1_343' title='bbox 1459 2420 1543 2463; x_wconf 92' lang='lat' dir='ltr'><strong>quo</strong></span> <span class='ocrx_word' id='word_1_344' title='bbox 1583 2421 1694 2449; x_wconf 89' lang='lat' dir='ltr'><strong>anno</strong></span> <span class='ocrx_word' id='word_1_345' title='bbox 1721 2408 2018 2464; x_wconf 84' lang='lat' dir='ltr'><strong>Aristophanis</strong></span> <span class='ocrx_word' id='word_1_346' title='bbox 2048 2410 2194 2454; x_wconf 77' lang='lat' dir='ltr'><strong>fabula</strong></span> <span class='ocrx_word' id='word_1_347' title='bbox 2220 2411 2515 2466; x_wconf 82' lang='lat' dir='ltr'><strong>Thesmopho·</strong></span> 
     </span>
     <span class='ocr_line' id='line_1_33' title="bbox 223 2474 2515 2545; baseline 0.007 -29"><span class='ocrx_word' id='word_1_348' title='bbox 223 2474 417 2519; x_wconf 78' lang='lat' dir='ltr'><strong>riazusae</strong></span> <span class='ocrx_word' id='word_1_349' title='bbox 445 2485 541 2520; x_wconf 87' lang='lat' dir='ltr'><strong>acta</strong></span> <span class='ocrx_word' id='word_1_350' title='bbox 568 2485 646 2520; x_wconf 83' lang='lat' dir='ltr'><strong>est.</strong></span> <span class='ocrx_word' id='word_1_351' title='bbox 711 2476 813 2520; x_wconf 83' lang='lat' dir='ltr'><strong>Post</strong></span> <span class='ocrx_word' id='word_1_352' title='bbox 848 2478 895 2521; x_wconf 86' lang='lat' dir='ltr'><strong>id</strong></span> <span class='ocrx_word' id='word_1_353' title='bbox 930 2487 1123 2536; x_wconf 83' lang='lat' dir='ltr'><strong>tempus,</strong></span> <span class='ocrx_word' id='word_1_354' title='bbox 1163 2482 1254 2524; x_wconf 84' lang='lat' dir='ltr'><strong>sive</strong></span> <span class='ocrx_word' id='word_1_355' title='bbox 1291 2482 1402 2540; x_wconf 87' lang='lat' dir='ltr'><strong>quod</strong></span> <span class='ocrx_word' id='word_1_356' title='bbox 1438 2483 1711 2540; x_wconf 84' lang='lat' dir='ltr'><strong>petulantiam</strong></span> <span class='ocrx_word' id='word_1_357' title='bbox 1738 2485 2056 2542; x_wconf 76' lang='lat' dir='ltr'><strong>Aristophanis,</strong></span> <span class='ocrx_word' id='word_1_358' title='bbox 2094 2491 2167 2545; x_wconf 90' lang='lat' dir='ltr'><strong>qui</strong></span> <span class='ocrx_word' id='word_1_359' title='bbox 2205 2492 2337 2544; x_wconf 86' lang='lat' dir='ltr'><strong>ipsius</strong></span> <span class='ocrx_word' id='word_1_360' title='bbox 2375 2502 2515 2530; x_wconf 77' lang='lat' dir='ltr'><strong>mores</strong></span> 
     </span>
     <span class='ocr_line' id='line_1_34' title="bbox 223 2550 2518 2622; baseline 0.008 -35"><span class='ocrx_word' id='word_1_361' title='bbox 223 2550 533 2602; x_wconf 74' lang='lat' dir='ltr'><strong>spectatoribus</strong></span> <span class='ocrx_word' id='word_1_362' title='bbox 560 2553 759 2597; x_wconf 86' lang='lat' dir='ltr'><strong>ridendos</strong></span> <span class='ocrx_word' id='word_1_363' title='bbox 788 2554 1041 2613; x_wconf 83' lang='lat' dir='ltr'><strong>objiciebat,</strong></span> <span class='ocrx_word' id='word_1_364' title='bbox 1068 2557 1249 2615; x_wconf 89' lang='lat' dir='ltr'><strong>amplius</strong></span> <span class='ocrx_word' id='word_1_365' title='bbox 1275 2560 1387 2602; x_wconf 83' lang='lat' dir='ltr'><strong>ferre</strong></span> <span class='ocrx_word' id='word_1_366' title='bbox 1411 2573 1494 2602; x_wconf 89' lang='lat' dir='ltr'><strong>non</strong></span> <span class='ocrx_word' id='word_1_367' title='bbox 1523 2557 1713 2616; x_wconf 81' lang='lat' dir='ltr'><strong>poterat,</strong></span> <span class='ocrx_word' id='word_1_368' title='bbox 1742 2564 1833 2605; x_wconf 88' lang='lat' dir='ltr'><strong>sive</strong></span> <span class='ocrx_word' id='word_1_369' title='bbox 1861 2565 1975 2622; x_wconf 85' lang='lat' dir='ltr'><strong>quod</strong></span> <span class='ocrx_word' id='word_1_370' title='bbox 1999 2562 2054 2605; x_wconf 87' lang='lat' dir='ltr'><strong>ab</strong></span> <span class='ocrx_word' id='word_1_371' title='bbox 2079 2562 2317 2619; x_wconf 80' lang='lat' dir='ltr'><strong>Archelao,</strong></span> <span class='ocrx_word' id='word_1_372' title='bbox 2345 2563 2518 2607; x_wconf 82' lang='lat' dir='ltr'><strong>liberali</strong></span> 
     </span>
     <span class='ocr_line' id='line_1_35' title="bbox 222 2623 2517 2697; baseline 0.007 -30"><span class='ocrx_word' id='word_1_373' title='bbox 222 2623 300 2666; x_wconf 89' lang='lat' dir='ltr'><strong>illo</strong></span> <span class='ocrx_word' id='word_1_374' title='bbox 326 2625 566 2673; x_wconf 40' lang='lat' dir='ltr'><strong>litterarum*</strong></span> <span class='ocrx_word' id='word_1_375' title='bbox 588 2633 824 2690; x_wconf 86' lang='lat' dir='ltr'><strong>artiumque</strong></span> <span class='ocrx_word' id='word_1_376' title='bbox 845 2632 1055 2679; x_wconf 68' lang='lat' dir='ltr'><strong>‚bonarum</strong></span> <span class='ocrx_word' id='word_1_377' title='bbox 1081 2636 1268 2690; x_wconf 84' lang='lat' dir='ltr'><strong>fautore,</strong></span> <span class='ocrx_word' id='word_1_378' title='bbox 1306 2638 1508 2679; x_wconf 83' lang='lat' dir='ltr'><strong>invitatus</strong></span> <span class='ocrx_word' id='word_1_379' title='bbox 1551 2646 1666 2689; x_wconf 86' lang='lat' dir='ltr'><strong>erat,</strong></span> <span class='ocrx_word' id='word_1_380' title='bbox 1677 2630 1802 2683; x_wconf 71' lang='lat' dir='ltr'><strong>&#39;urbe</strong></span> <span class='ocrx_word' id='word_1_381' title='bbox 1839 2643 1976 2697; x_wconf 88' lang='lat' dir='ltr'><strong>patria</strong></span> <span class='ocrx_word' id='word_1_382' title='bbox 2013 2641 2162 2685; x_wconf 87' lang='lat' dir='ltr'><strong>relicta</strong></span> <span class='ocrx_word' id='word_1_383' title='bbox 2201 2657 2294 2686; x_wconf 90' lang='lat' dir='ltr'><strong>cum</strong></span> <span class='ocrx_word' id='word_1_384' title='bbox 2333 2651 2517 2685; x_wconf 86' lang='lat' dir='ltr'><strong>amatore</strong></span> 
     </span>
     <span class='ocr_line' id='line_1_36' title="bbox 187 2700 2516 2777; baseline 0.008 -34"><span class='ocrx_word' id='word_1_385' title='bbox 187 2753 199 2758; x_wconf 28' lang='grc' dir='ltr'><em>ι</em></span> <span class='ocrx_word' id='word_1_386' title='bbox 224 2714 303 2743; x_wconf 85' lang='lat' dir='ltr'><strong>suo</strong></span> <span class='ocrx_word' id='word_1_387' title='bbox 322 2700 568 2748; x_wconf 77' lang='lat' dir='ltr'><strong>Pausania</strong></span> <span class='ocrx_word' id='word_1_388' title='bbox 555 2721 601 2749; x_wconf 88' lang='grc' dir='ltr'><strong>ιιι</strong></span> <span class='ocrx_word' id='word_1_389' title='bbox 617 2703 916 2751; x_wconf 82' lang='lat' dir='ltr'><strong>Macedoniam</strong></span> <span class='ocrx_word' id='word_1_390' title='bbox 926 2710 1249 2777; x_wconf 80' lang='lat' dir='ltr'><strong>demigravisse</strong></span> <span class='ocrx_word' id='word_1_391' title='bbox 1276 2713 1456 2756; x_wconf 84' lang='lat' dir='ltr'><strong>videtur.</strong></span> <span class='ocrx_word' id='word_1_392' title='bbox 1512 2713 1648 2768; x_wconf 86' lang='lat' dir='ltr'><strong>Cujus</strong></span> <span class='ocrx_word' id='word_1_393' title='bbox 1676 2714 1995 2773; x_wconf 82' lang='lat' dir='ltr'><strong>demigrationis</strong></span> <span class='ocrx_word' id='word_1_394' title='bbox 2023 2718 2277 2775; x_wconf 84' lang='lat' dir='ltr'><strong>significatio</strong></span> <span class='ocrx_word' id='word_1_395' title='bbox 2305 2728 2372 2764; x_wconf 87' lang='lat' dir='ltr'><strong>est</strong></span> <span class='ocrx_word' id='word_1_396' title='bbox 2389 2722 2516 2762; x_wconf 85' lang='lat' dir='ltr'><strong>etiam</strong></span> 
     </span>
     <span class='ocr_line' id='line_1_37' title="bbox 226 2778 2516 2855; baseline 0.008 -36"><span class='ocrx_word' id='word_1_397' title='bbox 226 2779 333 2834; x_wconf 83' lang='lat' dir='ltr'><strong>apud</strong></span> <span class='ocrx_word' id='word_1_398' title='bbox 362 2778 581 2827; x_wconf 84' lang='lat' dir='ltr'><strong>Platonem</strong></span> <span class='ocrx_word' id='word_1_399' title='bbox 606 2786 652 2826; x_wconf 88' lang='lat' dir='ltr'><strong>in</strong></span> <span class='ocrx_word' id='word_1_400' title='bbox 681 2785 890 2828; x_wconf 86' lang='lat' dir='ltr'><strong>Convivio</strong></span> <span class='ocrx_word' id='word_1_401' title='bbox 918 2799 1018 2843; x_wconf 80' lang='lat' dir='ltr'><strong>pag.</strong></span> <span class='ocrx_word' id='word_1_402' title='bbox 1044 2788 1140 2830; x_wconf 82' lang='lat'><strong>172.</strong></span> <span class='ocrx_word' id='word_1_403' title='bbox 1167 2787 1219 2830; x_wconf 85' lang='lat' dir='ltr'><strong>C.</strong></span> <span class='ocrx_word' id='word_1_404' title='bbox 1271 2788 1537 2845; x_wconf 82' lang='lat' dir='ltr'><strong>Agathonem</strong></span> <span class='ocrx_word' id='word_1_405' title='bbox 1574 2800 1713 2834; x_wconf 80' lang='lat' dir='ltr'><strong>autem</strong></span> <span class='ocrx_word' id='word_1_406' title='bbox 1748 2801 1876 2850; x_wconf 85' lang='lat' dir='ltr'><strong>atque</strong></span> <span class='ocrx_word' id='word_1_407' title='bbox 1916 2796 2043 2837; x_wconf 85' lang='lat' dir='ltr'><strong>etiam</strong></span> <span class='ocrx_word' id='word_1_408' title='bbox 2079 2792 2350 2853; x_wconf 81' lang='lat' dir='ltr'><strong>Euripidem,</strong></span> <span class='ocrx_word' id='word_1_409' title='bbox 2395 2813 2516 2855; x_wconf 82' lang='lat' dir='ltr'><strong>quem</strong></span> 
     </span>
     <span class='ocr_line' id='line_1_38' title="bbox 225 2852 2518 2931; baseline 0.008 -34"><span class='ocrx_word' id='word_1_410' title='bbox 225 2853 511 2910; x_wconf 72' lang='lat' dir='ltr'><strong>grandaevum</strong></span> <span class='ocrx_word' id='word_1_411' title='bbox 544 2867 715 2916; x_wconf 88' lang='lat' dir='ltr'><strong>propter</strong></span> <span class='ocrx_word' id='word_1_412' title='bbox 755 2861 923 2906; x_wconf 86' lang='lat' dir='ltr'><strong>crebras</strong></span> <span class='ocrx_word' id='word_1_413' title='bbox 951 2863 1203 2907; x_wconf 79' lang='lat' dir='ltr'><strong>comicorum</strong></span> <span class='ocrx_word' id='word_1_414' title='bbox 1229 2864 1274 2906; x_wconf 88' lang='lat' dir='ltr'><strong>in</strong></span> <span class='ocrx_word' id='word_1_415' title='bbox 1308 2866 1447 2922; x_wconf 86' lang='lat' dir='ltr'><strong>ipsum</strong></span> <span class='ocrx_word' id='word_1_416' title='bbox 1472 2852 1737 2912; x_wconf 81' lang='lat' dir='ltr'><strong>invectiones</strong></span> <span class='ocrx_word' id='word_1_417' title='bbox 1762 2876 1942 2926; x_wconf 86' lang='lat' dir='ltr'><strong>patriam</strong></span> <span class='ocrx_word' id='word_1_418' title='bbox 1972 2871 2195 2930; x_wconf 83' lang='lat' dir='ltr'><strong>reliquisse</strong></span> <span class='ocrx_word' id='word_1_419' title='bbox 2224 2877 2518 2931; x_wconf 79' lang='lat' dir='ltr'><strong>comperimus,</strong></span> 
     </span>
     <span class='ocr_line' id='line_1_39' title="bbox 186 2932 2515 3009; baseline 0.011 -41"><span class='ocrx_word' id='word_1_420' title='bbox 186 2932 195 2938; x_wconf 67' lang='lat'><em>&#39;</em></span> <span class='ocrx_word' id='word_1_421' title='bbox 225 2938 323 2971; x_wconf 82' lang='lat' dir='ltr'><strong>ante</strong></span> <span class='ocrx_word' id='word_1_422' title='bbox 350 2940 467 2976; x_wconf 77' lang='lat' dir='ltr'><strong>aetas</strong></span> <span class='ocrx_word' id='word_1_423' title='bbox 493 2935 789 2995; x_wconf 81' lang='lat' dir='ltr'><strong>Aristophanis</strong></span> <span class='ocrx_word' id='word_1_424' title='bbox 817 2938 1280 2998; x_wconf 74' lang='lat' dir='ltr'><strong>Thesinophoriazusas</strong></span> <span class='ocrx_word' id='word_1_425' title='bbox 1306 2942 1485 2986; x_wconf 76' lang='lat' dir='ltr'><strong>Athenis</strong></span> <span class='ocrx_word' id='word_1_426' title='bbox 1516 2956 1601 2987; x_wconf 90' lang='lat' dir='ltr'><strong>non</strong></span> <span class='ocrx_word' id='word_1_427' title='bbox 1631 2945 1959 3005; x_wconf 80' lang='lat' dir='ltr'><strong>demigravisse,</strong></span> <span class='ocrx_word' id='word_1_428' title='bbox 1986 2948 2109 2993; x_wconf 77' lang='lat' dir='ltr'><strong>facile</strong></span> <span class='ocrx_word' id='word_1_429' title='bbox 2134 2952 2274 3009; x_wconf 78' lang='lat' dir='ltr'><strong>quivis</strong></span> <span class='ocrx_word' id='word_1_430' title='bbox 2298 2952 2515 3003; x_wconf 82' lang='lat' dir='ltr'><strong>concedet,</strong></span> 
     </span>
    </p>
   </div>
  </div>
 </body>
</html>
