2734 3313
216 238 311 274 erat
333 244 394 276 ex
419 242 580 287 genere
607 199 844 276 fabularum
870 232 1189 289 amator-iarum,
1215 234 1270 284 inv
1285 235 1380 289 eJ'us
1405 225 1588 290 gratiam
1616 232 1876 288 composuit,
1906 232 1949 272 in
1979 229 2143 273 deliciis
2169 229 2301 272 fuisse
2328 232 2507 274 traditur

147 329 149 335 ·
212 307 388 353 Aeliani
420 305 540 356 loeo,
575 306 637 348 ita
671 313 837 359 tamen,
876 312 926 347 ut
958 306 1004 346 in
1043 298 1493 372 ambigampouatur.
1511 300 1659 366 reruiu
1677 306 1767 369 hoe
1796 307 1853 348 sit
1879 319 2024 348 necne.
2079 305 2348 363 Agathouem
2371 308 2506 352 :nim

106 383 109 385 ’
152 389 171 418 ·’
213 384 418 433 amasium
440 382 635 426 'Platonis
656 386 751 438 jam
776 375 853 439 per
878 395 937 422 ae.
952 385 1141 437 ineptum
1176 395 1241 426 est
1276 400 1355 427 nec
1387 386 1657 427 refutationis
1689 384 1869 438 indiget.
1931 383 2001 424 De
2037 386 2341 438 epigrammate
2380 387 2507 435 enirn,

170 497 173 499 .
214 456 327 516 quod
352 466 520 514 praeter
546 449 1030 516 Diogenens‘Lae'rtium'
1038 468 1081 502 et
1096 456 1357 504 Maerobium
1384 463 1511 504 etiam
1533 458 1698 503 Gellius
1716 455 1840 501 Noet.
1861 465 1936 499 att.
1956 455 2080 501 XIX.
2101 462 2167 501 11.
2193 461 2406 512 servavit,
2434 474 2509 502 ve·

213 531 432 575 hementer
459 533 627 587 dubito,
655 547 709 575 an
736 534 923 577 Platonis
955 535 1029 575 sit.
1048 535 1311 578 -Moribus
1330 542 1422 578 erat
1442 534 1615 593 Agatho·
1634 532 1895 586 mollissimis
1924 540 1968 574 et
1993 534 2265 588 effeminatis,
2292 537 2509 594 vitamque

215 610 396 665 degebat
424 624 595 665 prorsus
623 611 870 654 dissolutam
897 621 942 654 et
967 612 1201 654 delicatam.
1261 614 1332 655 Ab
1365 614 1445 654 hae
1477 622 1599 667 parte
1637 613 1744 653 satis
1772 624 1986 666 superque
2012 612 2208 653 novimus
2234 613 2503 666 Agathonem

214 693 341 744 quum
371 702 431 730 ex
459 685 557 730 aliis
586 695 673 744 tum
699 690 885 733 maxime
915 704 973 733 ex
998 675 1302 745 Aristophane,
1339 691 1412 747 qui
1445 690 1491 731 in
1524 685 1834 743 Thesmophor.
1874 685 2138 743 lepidissime
2164 696 2208 730 et
2235 687 2507 731 aeerbiasime

212 770 382 829 propter
409 776 548 805 mores
575 753 785 832 vitamque
812 764 1061 808 dissolutam
1087 767 1132 808 in
1149 767 1295 823 ipsum
1321 764 1543 807 invehitur.
1599 762 1765 827 Indueit
1801 761 1875 805 ille
1911 762 2181 822 Agathonem
2209 761 2335 819 plane
2359 763 2507 806 mulie-

175 877 183 883 „
217 839 347 883 briter
373 853 422 882 se
448 849 686 896 gerentem,
729 842 925 886 muliebri
951 844 1106 886 vestitu
1134 842 1326 885 indutum
1353 841 1626 895 omnibusque
1662 821 1861 882 luxuriae
1894 847 1937 881 et
1972 839 2180 882 mollitiae
2221 841 2507 884 instrumentis

214 916 474 959 instructum.
529 916 694 959 Taedet
721 919 910 974 singulos
936 932 1086 961 versus
1113 931 1360 972 recensere,
1386 918 1538 975 quibus
1564 916 1733 972 Agatho
1761 924 1933 971 propter
1958 930 2204 971 perversam
2231 930 2352 958 suam
2381 919 2508 958 vitam

215 992 425 1047 carpitur,
450 1006 580 1048 quare
608 994 653 1035 in
679 994 923 1037 universum
948 993 1054 1037 haee
1081 991 1358 1041 fabulainde.
1386 1006 1414 1034 a
1445 1006 1573 1034 versu
1602 993 1662 1054 93
1682 991 1738 1034 ad
1764 992 1847 1034 2⁷0
1874 1004 2016 1048 usque,
2034 993 2277 1035 mutentur
2305 993 2508 1035 monitum

215 1080 310 1108 esse
342 1066 487 1109 velim.
556 1068 628 1109 Ex
659 1069 942 1125 Aristophane
957 1098 971 1121 ,
1014 1069 1163 1122 eredo,
1199 1071 1337 1117 etiam„
1364 1067 1586 1129 fluxerunt
1623 1081 1768 1108 amara
1810 1066 1888 1107 illa
1923 1067 2056 1109 verba
2088 1069 2272 1110 Luciani
2304 1068 2348 1108 in
2385 1066 2508 1109 Rhet.

215 1141 434 1199 Praecept.
462 1156 554 1198 eap.
585 1148 662 1196 11,
701 1146 774 1200 qui
813 1159 908 1187 cum
948 1144 1239 1200 Sardanapalo
1266 1153 1309 1187 et
1337 1143 1497 1199 Cinyra
1524 1142 1793 1200 Agathonem
1829 1151 2058 1199 comparat.
2113 1144 2379 1201 Quamquam
2404 1157 2509 1186 vero

216 1217 284 1257 his
310 1220 473 1272 magnis
502 1220 616 1260 vitiis
642 1219 864 1261 laborabat
891 1221 1087 1276 Agatho,
1119 1229 1260 1262 tamen
1287 1222 1436 1277 negari
1462 1234 1548 1261 non
1576 1224 1741 1274 potest,
1777 1231 1874 1258 enm
1899 1218 2032 1261 fuisse
2059 1219 2273 1261 bominem
2299 1223 2510 1261 amoenis-

217 1294 325 1336 simo
351 1295 653 1350 ingeniieultu
685 1306 729 1338 et
755 1297 864 1338 mira
891 1298 1110 1350 comitate,
1151 1312 1258 1353 quae
1294 1311 1378 1339 non
1414 1295 1551 1338 solum
1587 1296 1632 1336 iu
1671 1296 1989 1336 conversatione
2019 1310 2113 1337 eum
2146 1299 2293 1338 amicis
2320 1309 2511 1352 apparet,

218 1370 292 1413 sed
321 1370 448 1413 etiam
475 1371 518 1414 in
546 1386 622 1425 eo,
651 1371 817 1428 qualem
845 1385 892 1414 se
918 1374 1127 1427 praestitit
1158 1375 1203 1416 in
1232 1387 1381 1416 servos
1408 1386 1532 1424 suos,
1561 1372 1632 1427 qui
1663 1385 1717 1414 ue
1745 1370 2117 1415 dieam'tolerabili
2144 1372 2220 1414 sed
2242 1372 2350 1415 adeo
2373 1371 2509 1416 libera

217 1446 458 1487 conditione
497 1448 609 1502 apud
647 1450 784 1504 ipsum
817 1446 1012 1489 videntur
1046 1449 1186 1505 gavisi
1222 1462 1335 1491 esse.
1369 1448 1424 1491 cf.
1457 1448 1565 1489 Plat.
1605 1447 1801 1504 Sympos.
1839 1460 1937 1504 pag.
1975 1451 2054 1490 175
2091 1446 2144 1489 Β.
2199 1448 2511 1505 Aristophanen

216 1522 322 1564 Rau.
351 1536 462 1563 vers.
490 1527 545 1564 84
564 1532 661 1564 ‘eum
688 1524 904 1578 praedicat
932 1537 1027 1564 esse
1053 1525 1223 1564 ποθεινὸν
1246 1530 1318 1569 τοῖς
1342 1529 1472 1574 φίλοις,
1496 1524 1608 1580 quod
1634 1525 1802 1564 unicum
1830 1523 2061 1579 epitheton,
2103 1525 2270 1565 etiamsi
2297 1537 2383 1565 non
2411 1538 2512 1565 nos·

217 1613 360 1641 semus
387 1600 482 1652 ejus
508 1600 749 1642 comitatem·
773 1608 817 1642 et
839 1600 1179 1642 amoenissimam
1207 1602 1335 1643 animi
1361 1600 1547 1642 indolem
1581 1614 1639 1641 ex
1670 1598 1862 1640 Platonis
1891 1599 2125 1650 convivio,
2148 1602 2241 1654 jam
2269 1603 2374 1642 satis
2403 1601 2512 1643 bane

217 1672 456 1730 Agathonis
489 1675 686 1722 virtutem
722 1674 967 1720 declararet.
1037 1674 1149 1718 Cum*
1181 1675 1261 1719 hae
1301 1677 1460 1719 virtute
1496 1677 1690 1732 congruit
1723 1676 1857 1731 ipsius
1891 1674 2151 1727 liberalitas,
2189 1691 2298 1733 quae
2323 1678 2512 1719 maxime

221 1751 404 1789 cernitur
433 1751 477 1789 in
508 1752 738 1802 conviviis,
776 1765 886 1805 qnae
921 1751 1158 1794 lautissima
1189 1752 1324 1792 fuisse
1359 1753 1575 1808 praedicat
1603 1751 1844 1792 Scholiasta
1872 1750 2184 1806 Aristophanis.
2240 1751 2363 1802 Quod
2394 1765 2515 1808 prae-

219 1826 338 1868 terea
369 1825 423 1867 ad
449 1827 576 1868 vitam
606 1825 745 1900 hujus
766 1818 919 1883 poetae
946 1827 1124 1879 attinet,
1157 1825 1239 1868 hoe
1265 1827 1527 1882 accepimus,
1562 1828 1702 1884 ipsum
1727 1842 1906 1870 suorum
1927 1827 2182 1879 dramatum
2185 1830 2343 1883 primas
2370 1839 2514 1883 partes

219 1901 385 1956 egisse,
429 1901 475 1943 id
517 1902 627 1957 quod
669 1896 796 1945 ettam
831 1902 983 1960 reliqui
1017 1903 1157 1945 faeere
1194 1902 1403 1945 solebant.
1441 1903 1497 1945 ef.
1532 1903 1686 1945 Suidas
1727 1917 1834 1945 voce
1876 1902 2029 1956 Μύρμηε
2070 1911 2112 1945 οι
2146 1903 2334 1946 Platonis
2371 1903 2514 1960 Sy'mp.

219 1991 316 2034 pag.
347 1979 444 2018 194.
473 1975 524 2018 Β.
579 1977 700 2020 Haec
731 1979 885 2032 habui,
919 1994 1026 2037 quae
1057 1980 1109 2020 de
1137 1981 1231 2022 vita
1251 1979 1489 2035 Agathonis
1515 1980 1785 2038 disputarem.
1812 2003 1870 2011 --

415 2052 640 2109 Reliquum
668 2058 837 2107 est,‘ut
874 2056 927 2097 de
966 2055 1185 2111 tragoedia
1218 2055 1457 2112 Agathonis
1496 2071 1710 2112 exponam
1745 2066 1788 2099 et
1825 2057 2066 2113 fragmenta
2099 2056 2308 2111 adjiciam.
2372 2056 2515 2108 Quum

220 2142 322 2172 vero
363 2131 662 2184 programmati
698 2140 842 2173 nostro
886 2134 1056 2186 angusti
1089 2132 1199 2173 fines
1235 2134 1449 2174 constituti
1490 2134 1598 2186 sint,
1634 2136 1727 2187 jam
1759 2146 1870 2175 nune
1906 2132 2120 2175 scribendi
2148 2133 2276 2176 finem
2302 2135 2442 2176 facere
2474 2142 2516 2176 et

221 2218 328 2265 quae
357 2205 607 2261 disputanda
634 2190 924 2262 relinquuntur
953 2210 996 2250 in
1022 2210 1267 2262 proximum
1295 2217 1461 2264 tempus
1488 2208 1659 2250 differre
1687 2222 1831 2265 cogor.

417 2289 663 2335 Scribebam
692 2290 833 2336 Valcii
857 2292 1009 2338 Mense
1038 2293 1231 2351 Augusto
1260 2291 1683 2337 MDcccxxxlx.

1001 2356 1004 2359 ‚
1097 2358 1107 2393 ‘⁸
1204 2360 1207 2363 Ι
1950 2380 2007 2431 C.
2046 2382 2102 2431 B.
2140 2382 2417 2432 Martini.
