2734 3313
1368 104 1412 149 4

434 208 505 252 De
531 209 775 265 Agathone,
807 209 881 265 qui
908 211 1150 254 comoedias
1176 213 1394 268 scripserit
1419 214 1575 270 quique
1602 212 1805 267 distingui
1831 210 1984 254 debeat
2006 212 2061 255 ab
2085 212 2338 270 Agathone,
2356 212 2530 270 'uapo-

234 284 401 328 diarum
428 287 657 340 scriptore,
683 298 772 327 non
796 284 971 342 longum
998 295 1065 329 est
1100 288 1325 330 disserere.
1388 285 1501 329 Nam
1530 289 1570 329 si
1594 295 1790 352 veteres,
1829 301 2005 344 quorum
2028 289 2085 333 „in
2121 288 2383 344 hujusmodi.
2402 287 2532 334 rebus
2621 297 2624 300 ’

239 361 461 404 consilium
485 362 575 417 peti
602 376 773 421 semper
800 355 947 416 debet,
974 361 1240 406 consulimus
1257 373 1325 416 et,
1350 363 1451 420 quid
1476 363 1541 405 illi
1568 364 1756 416 tradant,
1787 364 2100 416 examinamus,-
2129 376 2215 406 non
2241 366 2409 422 quidem
2432 363 2533 408 infi-

238 438 428 482 tiandum
451 447 541 490 est,
569 437 624 481 ab
639 427 708 484 'iis
736 439 881 497 plures
908 441 1096 485 diversos
1124 439 1396 495 Agathones,
1424 442 1495 496 qui
1522 439 1578 481 ad
1604 437 1870 481 scribendum
1898 452 1947 481 se
1975 437 2258 491 contulerunt,
2281 434 2534 484 commem·

238 516 344 563 rari3
370 521 662 557 verumtamen
691 516 744 556 de
764 513 1012 570 Agathone,
1039 515 1113 569 qui
1139 508 1246 555 solis
1265 515 1494 557 comoediis
1514 513 1742 556 condendis
1771 527 1945 569 operam
1968 515 2154 566 navarit,
2183 515 2297 568 apud
2323 529 2399 558 eos
2423 516 2538 559 haud

238 587 289 630 fit
315 589 475 631 mentio
504 586 610 635 ulla.
673 589 723 631 In
759 590 827 632 his
866 597 1005 630 autem
1037 589 1333 646 Agathonibus
1366 590 1575 646 imprimis
1608 589 1846 632 laudandus
1882 587 1948 631 est
1979 588 2150 645 Agatho
2188 588 2380 645 Samius,
2413 574 2538 647 cujas

238 663 338 706 libri
373 665 428 706 de
472 664 602 707 rebus
637 665 847 721 Scythicis
883 667 1043 721 passim
1078 680 1105 707 a
1139 665 1362 708 Plutarcho
1398 674 1698 709 memorantur.
1763 664 1903 715 Quum
1936 662 2123 706 Vossius
2157 667 2203 727 in
2237 665 2347 709 libro
2373 681 2451 709 suo
2481 667 2535 711 do

239 737 453 783 historicis
478 742 645 798 graecis
673 756 748 783 eos
774 741 891 783 locos
920 741 1156 794 Plutarchi,
1191 744 1263 798 qui
1290 742 1346 783 ad
1371 742 1483 784 hunc
1509 740 1776 798 Agathonem
1801 748 2012 797 spectant,
2052 741 2257 794 attulerit,
2290 741 2389 785 nolo
2416 755 2538 799 repe-

239 814 381 857 tendis
407 817 462 858 iis
488 816 644 874 longus
672 831 786 871 esse,
826 826 868 860 et
896 817 977 860 hoc
1004 827 1165 861 tantum
1190 831 1367 871 moneo,
1403 833 1431 861 a
1459 818 1609 862 Photio
1635 819 1680 859 in
1707 817 1847 860 indice
1875 830 2021 859 eorum
2050 818 2325 873 scriptorum,
2361 832 2538 875 qnorum

241 891 355 933 dicta
384 893 496 947 apud
532 892 760 935 Stobaeum
778 885 990 950 *leguntur
1005 924 1020 947 ,
1053 902 1226 950 praeter
1260 893 1529 950 Agathonem
1563 885 1733 950 po'e’tam
1765 894 1896 934 etiam
1931 892 2169 949 Agathonis
2191 894 2539 952 ,historiographi

239 969 500 1009 mentionem
526 967 644 1020 fieri,
673 983 800 1024 quem
828 983 922 1010 cum
947 970 1092 1011 Samio
1120 970 1302 1011 eundem
1329 983 1424 1010 esse
1449 969 1552 1011 mihi
1581 970 1750 1026 quidem
1776 975 2033 1023 compertum
2059 968 2209 1011 habeo.
2245 969 2386 1024 Hujus
2409 970 2537 1014 etiam

241 1055 338 1083 esse
368 1042 492 1085 Ponti
521 1043 762 1099 Periplum,
792 1036 915 1098 quem
941 1047 1043 1086 citat
1068 1045 1326 1087 Scholiastes
1356 1046 1412 1086 ad
1438 1043 1655 1100 Apollonii
1681 1045 1834 1086 Rhodii
1865 1045 2095 1100 Argonaut.
2122 1044 2176 1085 11.
2206 1049 2349 1096 1015„
2378 1059 2404 1086 a
2426 1047 2545 1086 veri-¹

242 1116 516 1158 similitudine
544 1132 629 1159 non
653 1118 864 1159 abhorret.
919 1119 1069 1162 Potest
1098 1122 1209 1161 enim
1236 1121 1367 1163 fuisse
1393 1120 1463 1161 hic
1483 1117 1677 1176 Periplus
1705 1120 1824 1176 quasi
1846 1117 2073 1175 singularis
2093 1131 2191 1174 pars
2215 1118 2268 1161 ad
2290 1121 2383 1174 ejus
2404 1117 2539 1163 libros

241 1193 297 1234 de
325 1193 453 1235 rebus
484 1194 690 1247 Scythicis
716 1196 948 1249 pertinens.
985 1196 1037 1236 cf.
1066 1195 1341 1237 Schaeferum
1370 1195 1423 1236 ad
1451 1195 1481 1236 l.
1511 1211 1547 1236 c.
1600 1193 1750 1249 Neque
1776 1195 1914 1234 minus
1941 1192 2160 1235 tribuerim
2186 1196 2284 1236 huic
2308 1194 2539 1249 Agathoni,

241 1269 355 1327 quod
382 1271 495 1326 apud
526 1268 807 1325 Scholiastam
835 1263 887 1312 ad
915 1270 1137 1324 Sophoclis
1166 1269 1368 1314 Trachina
1397 1281 1508 1318 vers.
1527 1274 1617 1319 1639
1646 1267 1703 1314 de'
1724 1259 1904 1325 mythica
1931 1260 2094 1325 origine
2125 1273 2307 1314 nominis
2342 1270 2538 1325 Pylacae,

242 1345 467 1388 clarissimi
495 1346 613 1387 illius
643 1354 687 1387 et
719 1354 891 1401 propter
919 1349 1209 1402 antiquita-tem
1234 1348 1579 1389 venerandissimi
1601 1346 1949 1402 Amphictyonum
1976 1346 2142 1389 consilii
2167 1345 2362 1402 legimus.
2393 1346 2539 1389 >Scho-

239 1421 389 1463 liastes
421 1421 675 1476 Sophoclem
700 1424 984 1475 interpretans
1012 1421 1119 1462 haec
1147 1422 1268 1464 dicit:
1307 1423 1430 1467 „iinon
1460 1422 1667 1473 συνάγονται
1693 1423 1728 1460 οἱ
1749 1418 1981 1471 Ἀμφικτύονες
2006 1421 2053 1465 εἷς
2077 1420 2139 1470 τὴν
2163 1426 2342 1473 λεγομένην
2367 1427 2542 1471 πυλαίαν,

240 1500 319 1550 περὶ
342 1494 385 1547 ἧς
405 1498 571 1550 ’Ardeam
599 1501 703 1549 φησὶ,
741 1497 904 1546 Πυλάδην
928 1497 989 1536 τὸν
1016 1501 1190 1549 Στροφίου
1214 1501 1350 1549 πρῶτον
1379 1497 1629 1546 συστήσασθαι
1657 1496 1696 1536 ἔν
1727 1496 1769 1549 τῇ
1812 1498 1953 1542 omia«,
1984 1496 2238 1548 καθαιρόμενον
2275 1498 2316 1539 τὸ
2349 1502 2407 1540 ἐπὶ
2439 1504 2539 1541 Κλυ-

240 1573 450 1627 ταιμνήστρᾳ
470 1573 599 1625 μύσος,
625 1576 684 1613 καὶ
707 1572 769 1613 ἀπ’
799 1572 905 1613 αιίῐοῧ
930 1572 991 1621 τὴν
1018 1572 1164 1612 σύνοδον
1191 1575 1351 1611 uvanto&
1380 1575 1466 1622 φησὶ
1494 1568 1877 1625 προσᾶγορςῦεσθαι.“
1903 1595 1959 1602 —-
2113 1568 2115 1572 ’
2286 1582 2292 1587 ”
2552 1556 2555 1558 -

435 1649 557 1691 Alius
584 1651 737 1690 iterum
764 1649 844 1690 fuit
869 1648 1029 1688 Lucius
1054 1647 1226 1703 Agatho
1241 1648 1449 1699 Priscius,
1478 1661 1601 1703 quem
1628 1648 1820 1689 novimus
1849 1659 1909 1687 ex
1934 1643 2093 1688 celebri
2104 1638 2383 1703 inscriptione
2397 1645 2540 1690 Bono-

242 1725 379 1765 niensi
407 1724 558 1766 Aeliae
582 1725 759 1766 Laeliae
788 1723 1011 1777 Crispidis.
1065 1723 1133 1762 De
1162 1738 1243 1777 qua
1268 1724 1572 1776 inscriptione,
1600 1738 1726 1778 quam
1745 1724 1882 1764 minus
1910 1731 2026 1763 recte
2053 1723 2106 1762 de
2133 1721 2353 1776 Agathone
2380 1725 2552 1778 tragico·

240 1798 499 1842 intellectam
528 1815 624 1843 esse
658 1798 850 1842 voluerat
878 1798 1129 1850 Gevartius,
1169 1796 1300 1840 velim
1341 1798 1605 1841 conferantur
1650 1812 1757 1855 quae
1796 1788 1956 1839 n‘otavit
1993 1796 2239 1845 Perizonius
2276 1799 2330 1842 ad
2369 1799 2541 1844 Aeliani

241 1874 351 1918 Var.
379 1876 492 1918 Hist.
520 1876 615 1918 libr.
642 1875 699 1918 11.
730 1880 795 1916 21.
822 1897 877 1907 —
2266 1914 2268 1916 ,

436 1952 535 1993 Fuit
573 1955 700 1993 etiam
741 1950 912 2005 Agatho
942 1947 1234 1999 Christianus,
1267 1950 1320 1992 de
1353 1965 1437 2007 quo
1473 1951 1596 2002 vide,
1638 1963 1745 2005 quae
1779 1948 2015 1990 Harlesius
2034 1947 2089 1988 ad
2116 1946 2304 1989 Fabricii
2342 1948 2545 1995 biblioth.-

242 2041 383 2084 graec.
413 2027 490 2070 sub
527 2042 630 2070 voce
658 2026 826 2083 Agatho
855 2026 899 2066 in
929 2025 1041 2066 notis
1069 2024 1195 2067 dixit.
1972 2026 1982 2033 '

439 2104 579 2153 Quum
608 2117 709 2144 vero
740 2108 906 2159 praeter
932 2099 1179 2155 Agathones
1203 2100 1330 2143 modo
1352 2108 1607 2145 memoratos
1630 2098 1758 2143 alium
1780 2123 1837 2132 —
1855 2098 2144 2157 Agathonem,
2173 2097 2360 2148 Socratis
2386 2112 2543 2160 aequa-

243 2178 351 2231 lem,
390 2183 583 2234 excipio,
630 2182 730 2234 quia
758 2180 898 2219 statim
927 2177 979 2217 de
1006 2190 1059 2218 eo
1085 2177 1270 2219 dicturus
1309 2194 1402 2221 sum
1436 2202 1493 2212 —
1525 2180 1682 2219 frustra
1717 2178 2002 2232 quaesiveris,
2038 2189 2123 2216 non
2150 2186 2394 2228 possumus,
2438 2181 2540 2234 quin

243 2250 450 2297 Vossium
485 2264 641 2296 temere
676 2271 725 2296 ac
755 2267 1044 2310 ,praepropere
1077 2251 1231 2294 fecisse
1253 2253 1517 2308 judicemus,
1558 2254 1694 2310 quod,
1712 2268 1785 2308 ,ne
1819 2266 1904 2293 uno
1938 2251 2108 2308 quidem
2141 2253 2399 2308 antiquitatis
2432 2256 2555 2297 ucri-2

243 2338 366 2387 piore
399 2338 599 2383 testante,
628 2331 914 2387 Agathonem,
941 2320 1110 2386 poetam
1139 2329 1367 2379 comicum,
1391 2321 1580 2391 finxerii.
1633 2326 1820 2371 Versum
1848 2328 1963 2371 enim
1984 2325 2230 2382 jambicnm,

1005 2410 1129 2453 »τέχνη
1160 2405 1263 2453 τύχην
1286 2407 1415 2456 ἔστερξε
1440 2407 1500 2444 καὶ
1524 2404 1610 2452 τύχη
1635 2407 1780 2452 τέρπν’

245 2494 370 2541 quem
398 2482 497 2536 ille,
527 2484 639 2541 quod
665 2483 749 2539 ipsi
780 2482 943 2538 tragico
971 2480 1173 2524 cothurno
1203 2494 1355 2536 parum
1385 2481 1611 2521 convenire
1641 2477 1886 2530 videbatur,
1926 2476 2069 2521 efficto
2105 2489 2184 2518 suo
2222 2474 2438 2533 Agathoni
2464 2479 2540 2524 ad.-

243 2558 430 2601 seribere
460 2559 617 2612 voluit,
659 2573 713 2599 ne
742 2559 1078 2614 computaveris,
1124 2570 1221 2597 eum
1257 2557 1428 2597 omnino
1469 2555 1773 2608 characterem,
1813 2554 1950 2611 qualis
1984 2555 2029 2595 in
2069 2552 2293 2595 scribendo
2325 2554 2552 2610 Agathoni.

242 2637 403 2690 tragico
431 2638 564 2679 fuisse
590 2635 801 2687 tradatur,
834 2650 935 2692 prae
965 2648 1012 2676 se
1039 2633 1179 2685 ferre,
1200 2633 1295 2686 jam
1324 2640 1573 2688 propterea,
1607 2632 1720 2689 quod
1752 2630 1808 2674 ab
1836 2623 2088 2682 Aristotele,
2120 2630 2191 2685 qui
2229 2638 2397 2684 praeter
2422 2632 2540 2689 Aga-

243 2710 414 2755 thonem
440 2716 650 2770 tragicum
678 2725 763 2754 non
792 2711 923 2753 alium
949 2710 1076 2764 hujus
1104 2710 1286 2751 nominis
1313 2709 1559 2776 scriptorem
1586 2711 1729 2763 novit,
1762 2709 1940 2760 citetur,
1968 2719 2053 2747 non
2079 2719 2205 2762 posse
2234 2706 2287 2748 ab
2300 2706 2540 2764 Agathone,

241 2787 431 2830 Socratis
458 2777 653 2847 aequali,
682 2788 916 2844 abjudicari
942 2800 1065 2828 nemo
1094 2799 1178 2828 non
1205 2787 1334 2828 videt.
1380 2783 1563 2835 Quibus
1603 2785 1797 2833 omnibus
1833 2797 1960 2839 quum
1995 2783 2097 2825 satis
2133 2796 2339 2839 superque
2368 2784 2539 2839 demon-

239 2872 398 2907 strasse
453 2868 557 2909 mihi
608 2867 779 2919 videar,
842 2877 928 2906 non
978 2864 1111 2905 fuisse
1168 2862 1458 2919 Agathonem,
1522 2871 1691 2919 poetam
1754 2861 1977 2912 comicum,
2039 2860 2131 2913 jam
2183 2859 2403 2902 dicendum
2458 2863 2550 2904 erit-

238 2942 292 2983 de
332 2942 581 2999 Agathone,
640 2943 831 2987 Socratis
881 2938 1070 2997 aequali,
1130 2938 1182 2980 de
1239 2952 1321 2997 quo
1348 2940 1558 2981 omaxime
1612 2937 1695 2980 hoc
1762 2935 1859 2978 loco
1917 2927 2231 2992 disquirendum
2278 2937 2382 2988 erit,
2434 2949 2535 2981 num
