2734 3313
269 215 274 219 .
1324 154 1404 201 ¹⁰
1442 118 1686 305 J—

191 291 194 294 .
216 271 344 315 quum
380 257 516 299 altera
551 271 650 313 pars
679 272 731 300 ea
758 267 923 308 careat3
958 260 1090 303 verba
1118 264 1231 305 enim
1258 262 1335 305 illa
1362 280 1440 312 „no
1472 264 1556 312 ιινὸς
1579 270 1651 312 τοῖς
1679 269 1819 317 φΙλοις“
1844 265 2022 309 ironiam
2045 280 2131 310 non
2146 269 2363 326 continere
2385 266 2516 312 unusss

218 335 394 392 quisque
420 335 546 376 videt.
601 334 669 377 Ne
705 335 836 392 igitur
863 336 1143 394 Aristophani
1172 337 1396 384 absurdum
1431 334 1601 400 aliquod
1626 343 1870 400 injungam,
1905 341 1989 386 hoc
2025 346 2168 400 potius
2202 353 2369 399 statuo,
2399 329 2518 402 Ag&

218 413 390 454 thonem
419 415 504 453 vita
525 414 618 464 jam
646 416 851 455 caruisse.
906 416 978 456 Sic
1004 417 1319 470 etiamoptime
1350 419 1526 473 quadrat
1554 421 1596 459 e't
1623 422 1883 474 aptissimam
1908 419 2299 474 interpretationem
2335 422 2520 463 admittit

217 486 323 530 illud
358 494 424 534 ..ἐς
447 486 610 540 μακάρων
639 488 816 539 εὗωχὶαν.“
879 490 1001 533 Licet
1028 490 1141 532 enim
1167 504 1317 532 vocem
1342 491 1460 545 μάκαρ
1487 493 1599 535 nude
1626 496 1810 550 positam
1838 495 1891 538 de
1919 495 2131 552 opulentis
2159 505 2203 538 et
2229 497 2303 553 qui
2329 499 2518 540 omnium

216 576 355 604 rerum
383 565 507 621 copia
533 562 771 618 abundant,
797 565 910 624 quod
937 563 1068 607 semel
1098 566 1143 605 in
1169 564 1303 607 Iliade
1329 565 1486 608 factum
1514 581 1611 616 esse
1640 571 1840 625 memini,
1877 557 2101 631 aliquando
2128 578 2373 628 usurpatam
2399 572 2520 622 inve·
2570 600 2573 604 -

217 639 356 688 neris,
389 639 756 693 frequentissimus
785 651 923 682 tamen
954 642 1080 695 hujus
1109 644 1226 682 vocis
1255 656 1356 683 usus
1383 651 1448 684 est
1477 645 1530 685 de
1558 645 1640 693 diis
1669 647 1804 702 deque
1829 649 1909 699 iis,
1939 649 2011 703 qui
2038 655 2136 688 sunt
2166 649 2211 687 in
2239 646 2394 688 insulis
2419 646 2537 689 bea-2

219 719 373 755 torum.
448 715 592 771 Ipsum
631 732 798 774 quoque
842 718 1121 763 Scholiastam
1155 719 1254 761 huic
1293 734 1396 774 prae
1438 720 1598 773 altera,
1638 735 1762 776 quam
1799 724 1939 777 dedit,
1983 725 2320 778 interpretationi
2354 725 2531 776 favore,

217 789 377 831 indicio
405 801 502 834 sunt
531 791 682 847 verba,
723 809 830 852 quae
867 797 912 837 in
950 793 1036 837 fine
1079 793 1195 835 addit
1230 822 1252 842 „
1265 797 1375 835 Τοῦτο
1402 798 1440 837 δὲ
1464 799 1550 851 παρ’
1584 796 1793 846 nimirum?
1833 812 1944 855 qnae
1980 798 2130 855 procul
2157 795 2273 842 omni
2305 797 2435 842 dubio
2463 779 2534 843 ad-

218 869 498 920 posteriorem
525 871 916 925 interpretationem
941 879 1148 926 spectant.
1213 871 1410 915 Ceterum
1450 874 1721 917 vehementer
1756 874 1923 928 dubito,
1957 889 2013 917 an
2053 874 2166 917 ullus
2197 876 2516 934 Atheniensium

219 952 394 996 propter
430 949 714 989 assonantiam
757 963 912 989 vocum
945 947 1106 1000 μακάρων
1146 955 1188 988 et
1229 949 1440 990 Μακιδὸνων
1475 950 1581 992 haec
1615 951 1747 993 verba
1780 952 1831 993 de
1860 953 2067 993 conviviis
2095 952 2208 1007 apud
2235 950 2518 993 Archelanum

219 1016 390 1073 regem,
422 1028 467 1061 ut
494 1015 663 1076 quidam
689 1023 935 1076 voluerunt,
959 1023 1240 1074 intellexerit;
1270 1025 1382 1079 quod
1407 1027 1485 1067 vix
1513 1026 1715 1069 credibile
1745 1036 1833 1080 est,
1860 1029 1945 1069 nisi
1971 1028 2081 1069 forte
2108 1028 2191 1069 hoc
2219 1035 2406 1069 statuere
2435 1028 2517 1080 vir,

220 1094 327 1136 baec
356 1097 509 1149 verba,
537 1106 584 1138 ut
611 1101 671 1139 ita
700 1101 859 1153 dicam,
891 1103 984 1154 jam
1014 1102 1059 1140 in
1086 1100 1431 1142 consuetudinem
1467 1089 1680 1157 proverbii
1718 1102 1888 1144 abiisse.
1952 1101 2116 1160 Quibus
2153 1104 2374 1157 perpensis
2414 1104 2518 1144 satis

222 1178 355 1212 tutum
385 1185 452 1213 me
482 1187 576 1214 esse
606 1167 832 1217 arbitratus
861 1190 974 1229 sum,
1003 1178 1038 1217 si
1068 1189 1093 1216 a
1120 1175 1310 1230 partibus
1338 1176 1538 1219 Welkeri
1564 1186 1606 1219 et
1629 1171 1859 1233 Schlegelii
1891 1187 2070 1230 starem,
2097 1179 2191 1234 qui,
2222 1178 2292 1219 hic
2316 1182 2358 1218 in
2387 1177 2518 1220 Prae-

220 1244 475 1290 lectionibus
503 1250 556 1290 de
585 1260 676 1291 arte
707 1253 936 1293 dramatica
965 1262 1007 1293 et
1033 1251 1187 1293 litteris
1209 1252 1465 1295 Graecorum
1495 1263 1537 1295 et
1558 1254 1840 1309 Romanorum
1866 1267 1965 1309 pag.
1993 1237 2097 1304 308,
2125 1252 2200 1293 ille
2227 1254 2270 1293 in
2299 1253 2410 1309 libro
2438 1267 2517 1295 suo

147 1365 153 1370 ,
223 1321 276 1362 de
303 1323 496 1380 Trilogia
531 1326 770 1381 Aeschylea
797 1343 895 1383 pag.
932 1332 1037 1380 526,
1064 1328 1331 1382 Agathonem
1353 1331 1445 1382 jam
1474 1339 1682 1370 mortuum
1713 1344 1809 1371 esse
1838 1338 2024 1370 statuunt
2060 1339 2158 1371 ante
2187 1339 2322 1370 actam
2349 1329 2517 1371 Aristo·
2598 1368 2614 1378 ,

222 1396 377 1452 phanis
404 1401 590 1445 fabulam
617 1402 783 1453 Ranas,
812 1403 854 1444 h.
883 1417 921 1445 e.
951 1411 1047 1444 ante
1077 1402 1149 1446 01.
1177 1407 1244 1446 93.
1276 1405 1315 1445 3.
1344 1428 1399 1436 -
1431 1402 1552 1453 Quae
1581 1419 1706 1460 quum
1734 1404 1945 1460 disputata
1972 1405 2058 1445 sint
2085 1403 2138 1445 de
2164 1411 2377 1459 tempore,
2406 1404 2516 1460 quod
2570 1444 2573 1447 .

221 1474 393 1531 Agatho
424 1479 510 1519 vita
541 1478 794 1535 expleverit3
825 1482 918 1535 Jam
944 1479 1165 1521 dicendum
1194 1482 1274 1521 erit
1302 1479 1354 1521 de
1381 1479 1544 1537 reliqua
1574 1482 1669 1535 ejus
1695 1482 1799 1521 vita.
1856 1462 1979 1529 Quod
2013 1479 2068 1521 ad
2098 1478 2336 1536 Agathonis
2364 1480 2518 1522 educa-

223 1554 379 1592 tionem
408 1556 576 1606 attinet,
615 1555 810 1595 omnibus
843 1557 902 1595 iis
939 1555 1100 1600 artibus
1139 1557 1422 1606 etsscientiis‚
1461 1556 1610 1610 quibus
1639 1556 1839 1597 nobilium
1867 1555 2186 1597 Atheniensium
2211 1556 2393 1608 juvenes
2422 1569 2528 1609 eru-->

224 1625 305 1667 diri
368 1630 583 1681 solebant,
654 1634 890 1673 institutum
959 1647 1057 1673 eum
1124 1646 1219 1672 esse
1278 1631 1509 1674 verisimile
1577 1643 1664 1681 est;
1735 1647 1831 1675 nam
1884 1632 1937 1673 de
2002 1631 2136 1673 nobili
2172 1633 2288 1691 'ejus
2354 1646 2513 1688 genere

223 1716 485 1762 nequaquam
514 1708 806 1751 dubitaverim.
860 1706 1053 1751 Maxime
1090 1716 1227 1750 autem
1262 1722 1315 1749 ea
1354 1715 1491 1750 aetate
1519 1707 1699 1752 Athenis
1734 1707 1947 1752 florebant
1980 1707 2231 1765 Sophistae,
2270 1707 2341 1763 qui
2376 1696 2517 1752 multi-

222 1781 324 1838 plici
351 1796 492 1847 πει-ωτι
525 1784 688 1825 utilium
717 1785 979 1839 cognitione,
1007 1781 1245 1823 admirabili
1275 1783 1316 1822 vi
1347 1783 1514 1824 dicendi
1543 1793 1584 1826 et
1617 1787 1804 1826 novitate
1841 1786 2043 1826 orationis
2082 1797 2247 1826 omnem
2283 1783 2518 1825 Athenien·

224 1861 334 1900 sium
356 1862 620 1913 juventutem
649 1861 703 1902 ad
732 1875 779 1902 se
810 1859 1061 1902 alliciebant.
1121 1857 1216 1899 Hos
1250 1858 1368 1899 viros
1406 1861 1535 1901 etiam
1569 1861 1735 1916 Agatho
1768 1844 1874 1902 vadiit
1909 1874 2136 1915 eorumque
2172 1869 2285 1901 artes
2315 1860 2397 1903 sibi
2425 1862 2517 1901 vin-

225 1935 406 1989 dicavit,
435 1938 650 1991 et‚primis
675 1937 843 1993 quidem
871 1933 1131 1991 temporibus
1154 1932 1321 1974 Prodici
1348 1932 1512 1976 videtur
1537 1938 1777 1992 praeceptis
1805 1944 1848 1977 et
1873 1924 2075 1977 institutis
2105 1947 2205 1976 usus
2233 1947 2351 1984 esse3
2383 1936 2517 1992 siqui-

225 2011 321 2054 dem
351 2023 464 2055 recte
490 2015 570 2056 hoc
599 2014 833 2069 colligimus
862 2026 919 2053 ex
946 2010 1136 2053 Platonis
1165 2010 1400 2065 Protagora
1426 2025 1469 2066 p.
1497 2015 1590 2053 315.
1616 2014 1688 2065 D.,
1708 1998 1767 2054 :et
1805 2025 1889 2053 non
1929 2013 2068 2067 potius
2107 2009 2227 2052 Plato
2251 2011 2517 2067 Agathonem

226 2102 319 2130 cum
346 2089 872 2133 Prodico-conversantem
902 2086 1121 2140 exhibuit,
1158 2094 1205 2127 ut
1237 2085 1334 2140 jam'
1357 2088 1402 2128 in
1427 2089 1588 2142 juvene
1616 2097 1779 2131 notaret
1805 2086 2038 2130 mollitiam.
2091 2086 2294 2148 Prodicus
2321 2087 2517 2129 nimirum

225 2172 273 2205 ut
300 2168 429 2207 etiam
459 2166 627 2222 Agatho
655 2166 709 2208 ob
737 2165 957 2208 mollitiam
982 2163 1156 2205 infamis
1185 2171 1307 2210 erat„
1347 2163 1519 2206 Seriore
1558 2174 1697 2207 tamen
1732 2172 1923 2217 tempore
1952 2162 2007 2208 ad
2036 2161 2237 2218 Gorgiam
2261 2164 2396 2219 magis
2427 2177 2517 2217 ma-

225 2243 378 2299 gisque
419 2258 467 2285 se
504 2243 723 2299 applicuit,
757 2242 966 2297 hujusque
1000 2242 1084 2282 viri
1120 2241 1349 2282 auctoritas
1386 2249 1502 2282 tanta
1544 2241 1625 2283 fuit
1661 2243 1706 2282 in
1733 2238 1996 2296 Agathone,
2041 2246 2089 2280 ut
2126 2252 2223 2279 eum
2255 2240 2518 2294 nonsinepte

227 2317 434 2374 Gorgiam
461 2320 704 2376 tragoediae
733 2320 950 2361 nominare
969 2309 1138 2373 possis,
1168 2315 1279 2372 quod
1310 2315 1519 2371 quomodo
1548 2315 1807 2359 intellectum
1835 2307 2040 2357 voluerim
2056 2326 2161 2356 mox
2183 2314 2356 2358 dicetur.
2391 2314 2519 2358 Pror-

227 2409 306 2443 sus„
326 2397 470 2451 inepta
496 2410 642 2437 eorum
671 2405 735 2438 est
759 2397 989 2446 sententia,
1018 2393 1089 2450 qui
1117 2391 1384 2447 Agathonem
1411 2392 1603 2434 Platonis
1642 2390 1893 2447 discipulum
1919 2390 2058 2433 facere
2081 2389 2324 2443 voluerunt,
2360 2392 2517 2447 quippe

226 2463 321 2527 «ini,
349 2486 478 2528 quum
502 2471 576 2512 ille
606 2473 742 2526 prima
769 2471 991 2527 tragoedia
1020 2471 1231 2520 vinceret,
1267 2468 1344 2508 vix
1372 2469 1687 2528 quatuordecim
1715 2481 1848 2508 annos
1873 2474 1995 2508 natus
2022 2474 2136 2507 esset
2161 2473 2268 2506 teste
2297 2465 2517 2522 Athenaeo

225 2549 303 2591 lib,
331 2546 388 2589 V.
417 2563 459 2603 p.
488 2552 583 2591 217.
651 2547 834 2590 Socratis
879 2560 978 2587 vero
1016 2544 1301 2587 familiaritate
1340 2553 1383 2585 et
1423 2531 1856 2587 consuetudineusus
1894 2552 1984 2596 est,
2027 2541 2139 2598 quod
2175 2550 2318 2597 tamen
2346 2543 2519 2584 nonita

225 2626 533 2678 intellexerim,
565 2633 612 2666 nt
647 2626 740 2679 ejus
766 2622 994 2678 discipulus
1022 2621 1159 2665 fuerit.
1213 2622 1462 2673 Praeterea,
1491 2628 1537 2662 ut
1565 2623 1692 2663 etiam
1719 2621 1772 2663 de
1804 2602 1984 2662 externo
2010 2619 2201 2673 corporis
2228 2615 2374 2659 habitu
2399 2618 2517 2675 Aga-

224 2704 367 2753 thonis
399 2694 558 2760 aliquid
589 2702 749 2753 dicam,
784 2701 944 2741 eximia
981 2713 1074 2741 eum
1108 2701 1241 2741 fuisse
1284 2700 1472 2754 corporis
1510 2697 1817 2755 pulchritudine
1854 2704 1897 2738 et
1932 2695 2095 2752 gratia,
2132 2708 2280 2736 omnes
2314 2699 2400 2742 un'o
2440 2709 2516 2737 ore

224 2780 515 2832 consentiunt,
553 2791 686 2836 quare
724 2777 777 2818 ad
810 2775 948 2817 locum
983 2766 1240 2832 Protagorae
1277 2775 1450 2816 citatum
1487 2774 1710 2832 ablegasse
1749 2769 1940 2825 sufficiet.
1994 2768 2093 2811 Non
2120 2770 2252 2826 igitur
2277 2769 2515 2825 miraberis,

223 2856 379 2898 multos
407 2870 500 2896 eum
528 2855 730 2897 habuisse
759 2862 990 2900 amatores3
1030 2866 1089 2892 ex
1123 2851 1274 2907 quibus
1314 2861 1455 2892 tamen
1481 2850 1822 2906 primum‘locum
1850 2848 2011 2889 obtinet
2039 2846 2269 2887 Pausanias
2296 2858 2356 2886 ex
2385 2843 2525 2886 Cera-¹

223 2922 354 2985 mico,
382 2946 562 2989 quocum
591 2945 720 2987 saepe
749 2928 978 2972 altercatus
1007 2941 1101 2972 esse
1128 2927 1280 2970 dicitur
1309 2941 1362 2970 eo
1391 2926 1589 2981 consilio,
1626 2935 1673 2969 ut
1703 2924 1931 2982 jucundior
1966 2920 2064 2965 huic
2102 2929 2216 2964 esset
2251 2920 2298 2962 in
2332 2921 2515 2977 gratiam

221 3011 396 3054 reditus.
426 3009 478 3050 cf.
507 3007 674 3049 Aelian.
703 3005 807 3049 Var.
835 3005 949 3048 Hist.
975 3004 1029 3048 11.
1057 3008 1124 3046 21.
1178 3004 1317 3061 Atque
1353 3005 1481 3046 etiam
1515 3003 1734 3060 Euripidi,
1774 3001 1848 3059 qui
1870 2988 2022 3042 'drama
2059 2997 2360 3054 Chrysippum,
2402 2997 2512 3055 quod

605 3204 620 3252 l
