2734 3313
1347 152 1703 200 ⁰¹*-

230 276 343 307 nova
369 275 468 305 esse
498 268 541 304 et
569 259 689 318 quasi
718 259 919 314 παράδοξον
945 259 1157 318 quoddam
1185 259 1421 318 videbatur
1428 263 1662 308 continere.
1692 256 1871 313 Nam,
1882 261 1968 306 oui
1983 260 2103 306 heo
2125 254 2548 308 mmm

232 348 276 381 et
302 337 506 390 Platone,
531 334 774 378 hominibus
800 334 892 378 illis
920 336 973 379 ad
1003 335 1274 393 cogitandum
1300 337 1561 383 acutissimis
1574 336 1840 393 dignissima
1850 341 1984 414 *atque
2003 337 2153 391 enfin,
2178 339 2232 382 ιι
2219 336 2546 418 “W

234 431 331 457 eam
358 417 521 457 ratione
549 413 906 469 contemplamur,
944 423 1048 456 vera
1074 422 1163 465 est,
1198 422 1363 459 tamen
1361 423 1508 467 quae
1501 413 1604 456 duo
1637 409 1855 467 primaria
1862 409 2163 456 dramaticus?
2141 408 2361 471 poe-'ooo‘-
2378 414 2545 472 ges-re
2611 466 2615 469 ¹

232 499 456 548 putantur,
491 488 717 544 tragoedia
754 499 795 531 et
834 489 1051 532 comoedia
1088 491 1131 531 vi
1158 503 1236 532 sua
1263 503 1313 531 ac
1340 495 1490 534 natura
1520 497 1607 529 tam
1625 487 1829 531 'divorsae
1855 497 1976 532 erant
2003 496 2066 543 et,
2114 490 2225 533 sieut
2262 488 2553 533 enotuit-rb.

233 568 377 624 poesis
406 578 591 621 genera,
620 565 732 621 apud
761 566 947 607 Graecos
976 574 1063 608 tam
1090 567 1218 608 certis
1235 562 1446 607 limitibus
1476 562 1808 618 distinebantur,
1831 570 1892 606 ιιι
1919 562 1974 606 ab
2005 563 2158 608 eodem
2179 561 2420 620 suiptoro'
2416 572 2544 607 utra-

233 659 314 701 que
341 650 522 685 tractata
550 641 606 682 sit
636 653 860 694 nunquam.
916 638 1081 688 Quibus
1108 641 1240 696 igitur
1265 639 1545 682 consideratis
1575 640 1857 683 manifestum
1871 647 1969 693 est,
1975 637 2097 681 bunc
2107 637 2434 696 Agatheam,
2448 641 2550 697 ‘qni

235 728 299 764 est
322 720 462 770 idem,
492 718 563 774 qui
588 715 723 772 pridie
756 718 850 771 ejus
875 716 983 770 diei,
1013 730 1096 774 quo
1126 716 1236 759 baec
1259 719 1305 759 in
1330 717 1474 773 ipsius
1504 714 1680 758 aedibus
1703 715 1932 771 disputari
1938 714 2178 771 finguntur,
2204 717 2343 772 prim
2368 714 2541 772 trago·-

235 798 308 839 dia
335 797 460 847 vicit,
487 806 590 835 ιιοιι
603 806 697 835 esse
723 805 850 847 posse
877 800 1045 849 poetam
1072 793 1289 835 comicum.
1356 791 1539 836 Mimimi
1577 793 1779 836 momenti
1813 799 1883 834 ast
1919 790 2038 834 aliud
2072 790 2308 849 quoddam
2316 801 2543 849 argumen-

234 881 348 924 tum,
391 870 522 927 quod,
563 877 610 908 ιιι
635 868 963 921 demonstretur,
1007 868 1275 924 Agathonem
1311 870 1440 911 etiam
1476 870 1671 925 tetigisse
1705 860 1857 925 poesin
1891 869 2116 918 amicam,
2157 866 2351 908 affor-mr,
2406 865 2546 921 Apud

237 948 544 992 Philostratum
576 946 621 986 in
654 945 728 987 vit.
767 943 953 1001 Sophist.
986 944 1022 988 1.
1055 960 1099 1001 p.
1126 947 1224 988 493.
1247 944 1355 987 haec
1382 948 1664 1002 reperiuntur:
1700 945 1886 998 Ἀγάθων.
1911 944 1934 986 ὃ
1959 947 2020 994 τῆς
2044 944 2239 997 τραγῳδίας
2263 941 2424 992 ποιητὴς.
2450 941 2493 983 ὃν
2512 940 2541 990 ’l

235 1027 396 1078 κωμῳδία
424 1021 534 1073 σοφόν
562 1037 598 1061 τι
625 1023 683 1061 και
709 1024 868 1061 καλλιεπ“
847 1038 868 1070 η
896 1020 976 1069 orde,
1003 1024 1180 1071 πολλαχοῦ
1203 1024 1270 1062 wir
1295 1022 1455 1075 ἰαμβείων
1485 1021 1691 1075 γοργιᾶζιι.“
1747 1019 1890 1062 Etiam
1915 1018 2022 1062 haec
2047 1017 2219 1062 verba
2205 1032 2252 1060 m
2280 1016 2543 1061 commodum

240 1114 364 1143 suum
392 1105 581 1149 vertunt,
609 1099 683 1154 qui
703 1094 973 1153 Agathonem
995 1099 1199 1140 comicum
1226 1098 1360 1139 fuisse
1388 1098 1549 1150 dicunt,
1574 1098 1685 1139 hunc
1707 1109 1878 1139 sensum
1900 1093 2156 1148 inferentes,
2184 1092 2259 1152 qui
2286 1087 2544 1150 elegantiam

238 1185 281 1218 et
308 1174 561 1230 sapientiam
590 1174 634 1213 in
665 1171 896 1214 comoediis
923 1171 1151 1214 condendis
1183 1172 1388 1221 ostendit;
1433 1179 1499 1213 est
1524 1173 1688 1227 potius,
1730 1185 1857 1228 quem
1890 1173 2125 1226 sapientem
2161 1160 2333 1226 poe'tm
2367 1178 2464 1211 esso
2495 1175 2544 1209 ot

239 1250 480 1307 elegantem
523 1247 743 1289 comoedia
774 1247 805 1289 i.
846 1260 884 1287 e.
923 1248 1070 1295 comici
1105 1256 1382 1303 agnoverunt.
1448 1245 1545 1289 Hoc
1587 1254 1673 1289 tam
1706 1249 1972 1305 perspicuum
1999 1254 2087 1298 est,
2122 1253 2196 1288 ιιι
2207 1252 2384 1303 prorsusv
2420 1240 2545 1285 nulla

243 1326 601 1369 demonstratione
632 1333 779 1380 egeat3
808 1337 956 1365 verum
984 1332 1031 1364 ut
1060 1333 1329 1379 compareat,
1363 1338 1411 1365 re
1448 1337 1551 1365 vera
1578 1325 1639 1365 ita
1662 1324 1885 1379 judicasse
1907 1325 2092 1367 comicos
2116 1323 2168 1364 de
2195 1320 2453 1378 Agathone,-
2498 1327 2546 1362 οι

238 1402 351 1444 unde
379 1399 589 1442 fluxerint
619 1395 727 1438 haec
752 1395 1001 1442 Philostrati
1027 1398 1181 1452 verba,
1219 1399 1329 1441 haud
1359 1397 1623 1454 superfluum
1651 1399 1732 1443 erit
1757 1398 1978 1453 attulisse,
2018 1401 2131 1457 quae
2166 1397 2268 1441 dicit
2292 1392 2545 1454 Aristopha-

240 1493 317 1520 nes
346 1472 601 1528 Thesmoph.
631 1487 743 1514 vers.
774 1476 847 1516 52:
1359 1513 1363 1516 ,

1023 1553 1152 1591 Μέλλει
1176 1548 1247 1601 γὰρ
1275 1547 1296 1589 ὅ
1323 1548 1500 1597 καλλιεπὴς
1521 1547 1686 1602 Ἀγάθων
1711 1568 1742 1594 ιι.
1770 1567 1799 1592 τ.
1829 1555 1860 1592 λ.

240 1638 282 1669 et
306 1640 436 1683 porro
465 1638 577 1665 vers.
603 1628 671 1666 65.
701 1636 786 1677 sq.:

1026 1699 1065 1744 ὃς
1093 1701 1223 1750 ἕτοιμος
1250 1703 1316 1740 σοῦ
1343 1703 1444 1739 τοῦτο
1470 1704 1614 1748 nmmo&

1026 1779 1090 1813 τοῦ
1116 1778 1312 1818 καλλιεποῦς
1341 1791 1371 1812 ιι.
1400 1790 1429 1813 τ.
1458 1779 1488 1814 λ.

243 1852 442 1894 Ceterum
470 1848 552 1889 hoc
592 1854 681 1896 toto
720 1846 817 1887 loco
855 1844 1231 1902 Thesmophoriaz.
1272 1861 1383 1889 vers.
1426 1851 1493 1890 57.
1533 1862 1636 1904 seq„
1676 1851 1738 1891 nti
1764 1862 1850 1891 non
1877 1851 2015 1891 minus
2043 1865 2101 1891 ex
2129 1850 2353 1904 interjecto
2374 1844 2545 1890 mollis-

240 1930 349 1972 simo
378 1926 532 1980 hymno
561 1925 606 1963 in
634 1920 875 1977 Apollinem
908 1931 948 1963 et
977 1921 1160 1965 Dianam
1189 1924 1325 1980 (vers.
1353 1927 1433 1967 107
1472 1926 1608 1982 ssq.),
1646 1940 1771 1983 quem
1813 1928 1982 1968 omnino
2017 1926 2071 1967 ad
2104 1925 2327 1967 veritatem
2366 1936 2543 1980 expres·

242 2018 336 2046 sum
366 2015 464 2043 esse
493 2000 713 2048 existimo,
755 1996 854 2039 licet
881 1997 1215 2054 Aristophanes,
1257 1998 1455 2041 licentiae
1485 2010 1719 2056 temporum
1745 2000 1938 2054 illorum,
1977 2002 2165 2058 quae'in-
2185 2000 2348 2056 tragica
2375 2011 2543 2057 quoque

242 2087 333 2120 arte
355 2080 450 2130 jam
483 2076 660 2116 multum
689 2072 743 2114 ab
774 2076 946 2129 antiqua
979 2078 1131 2116 virtute
1171 2084 1213 2115 et
1242 2070 1509 2129 simplicitate
1536 2077 1824 2128 deflexerant,
1865 2079 2097 2118 acerrimus
2136 2062 2392 2130 castigator,
2415 2075 2546 2116 :vitia

241 2153 483 2210 Agathonis
510 2153 692 2207 ingenue
721 2148 890 2205 detegat
916 2152 1095 2207 ejusque
1122 2151 1167 2192 in
1196 2150 1396 2194 dramatis
1423 2150 1688 2196 elaborandis
1721 2155 1844 2198 nimis
1871 2154 2104 2210 quaesitam
2135 2160 2184 2194 et
2221 2151 2430 2207 putidam'
2449 2150 2547 2194 dili·

242 2229 433 2285 gentiam
459 2225 714 2283 lepidissime
747 2232 790 2266 et
811 2224 929 2278 justa
957 2224 1246 2280 indignatione
1274 2227 1553 2283 perstringat,
1591 2226 1847 2284 elegantiam
1881 2227 2120 2285 Agathonis
2148 2228 2289 2285 possis
2301 2219 2552 2283 deprehen-⁶·

245 2306 361 2355 dere.
416 2302 558 2344 Etiam
584 2302 820 2357 Agathonis
852 2301 1043 2342 oratione
1066 2302 1111 2341 in
1137 2300 1328 2343 Platonis
1357 2293 1568 2346 Convivio
1600 2307 1647 2345 in
1671 2303 1842 2347 laudem
1870 2295 2066 2357 Amoris,
2100 2306 2297 2361 quamvis
2335 2304 2437 2345 ιἰοιι.
2459 2303 2545 2343 ιιιιο

248 2380 419 2420 nomine
463 2377 764 2434 vituperanda,
818 2374 1038 2430 probetur,
1091 2390 1188 2418 eum
1239 2376 1479 2434 elegantem
1527 2378 1663 2422 fuisse
1715 2382 1962 2435 scriptorem
2007 2380 2060 2422 cf.
2108 2379 2301 2421 Platonis
2349 2378 2547 2434 Sympos.

244 2470 337 2511 cap.
365 2438 523 2495 XVIII
551 2462 594 2494 et
620 2453 746 2495 xlx.
802 2452 941 2502 Quam
968 2451 1107 2494 futilia
1132 2455 1263 2510 igitur
1291 2464 1364 2497 aut
1388 2457 1531 2513 potius
1555 2469 1682 2512 quam
1708 2455 2029 2511 prorsus'nulla
2049 2457 2134 2498 sint
2158 2456 2428 2511 argumenta,
2456 2454 2549 2510 qui-

245 2531 326 2574 bus
354 2531 516 2573 comica
544 2520 692 2586 poesis
708 2528 922 2585 Agathoni
940 2530 1198 2585 vindicetur,
1226 2531 1417 2576 vidimus.
1470 2531 1665 2575 Maximo
1693 2542 1832 2583 autem
1862 2540 2129 2587 argumento,
2161 2531 2434 2587 Agathonen't
2456 2543 2547 2587 ‘non

246 2615 450 2648 tractasse
481 2606 768 2658 comoediam,
796 2606 878 2648 hoc
908 2621 1004 2651 esse
1032 2606 1178 2660 debet,
1206 2609 1317 2666 quod
1344 2616 1513 2666 praeter
1541 2606 1821 2651 Scholiastam
1851 2616 1916 2660 et,
1937 2612 2016 2666 qui
2043 2622 2138 2651 eum
2164 2606 2417 2665 exscripsit,
2447 2607 2545 2649 Sui-

246 2685 342 2725 dam
385 2685 401 2739 (
411 2684 565 2741 quibus
600 2685 726 2726 etiam
759 2685 857 2725 addi
886 2693 1024 2739 potest
1060 2684 1325 2742 Xenophon,
1366 2688 1441 2744 qui
1470 2687 1517 2728 in
1559 2685 1784 2741 Symposio
1821 2685 1900 2728 111.
1936 2689 1990 2727 32
2028 2684 2277 2742 simpliciter
2302 2679 2465 2735 ποιητήν,
2503 2686 2548 2725 et

246 2759 487 2818 Zenobius,
521 2763 597 2819 qui
624 2763 669 2815 in
695 2759 937 2803 Proverbiis
975 2760 1118 2810 αὐλητήν
1153 2762 1422 2818 Agathonem
1458 2762 1628 2820 vocat),
1654 2761 1811 2818 quod,
1848 2763 2042 2819 inquam,
2081 2761 2250 2818 praeter
2287 2760 2367 2803 hos
2401 2764 2548 2800 omnes

244 2836 421 2892 reliqui,
450 2839 523 2892 qui
547 2838 598 2881 de
626 2835 1130 2892 Agathoneloquuntur,
1161 2840 1330 2887 omnino
1357 2840 1408 2883 de
1437 2840 1532 2893 ejus
1562 2846 1652 2880 arte
1681 2839 1841 2882 comica
1869 2845 2010 2879 tacent
2038 2845 2082 2878 et
2108 2846 2180 2879 aut
2208 2836 2378 2878 disertis
2403 2833 2553 2876 verbis-

244 2913 454 2968 tragicum
483 2927 578 2954 eum
606 2914 822 2956 nominant
852 2921 923 2954 aut
955 2912 1006 2954 de
1035 2913 1255 2969 tragoedia
1284 2916 1546 2972 disputantes
1585 2916 1679 2970 ejus
1706 2916 1962 2959 mentionem
1989 2916 2159 2958 faciunt.
2225 2911 2359 2964 Quod·
2378 2911 2416 2955 si
2434 2910 2548 2966 ἱΡΒὶί

245 2997 436 3029 veterum
468 2991 720 3032 testimoniis
749 2989 920 3031 firmare
950 2987 1125 3042 vellem,
1174 3003 1324 3033 vereor
1341 3004 1405 3035 *ne
1435 3000 1591 3035 temere
1620 2991 1699 3034 has
1727 2990 1921 3047 pagellas
1944 2993 2173 3049 *augeam3'
2197 3000 2328 3047 quare
2356 2986 2425 3029 bic
2454 2987 2549 3042 ipsa
